1108 1488
256 183 283 195 20
513 174 537 195 A.
550 174 598 195 Vm
613 174 712 195 Somnum

253 225 409 254 tionem‚modo
414 225 568 254 depressionem
573 234 672 248 nervosae
677 226 789 247 activitatis
793 230 814 247 et
818 226 983 249 exinanitionem

252 259 342 287 iudicat,
355 264 376 280 et
389 266 480 288 quarum
493 266 569 286 magna
582 260 642 280 series
653 260 675 280 in
687 259 869 281 observationibus
882 261 983 289 autopsiae

252 292 352 322 proemitti
364 292 418 313 solet
432 299 437 312 :
450 290 507 313 idem
520 291 583 320 pulsu
596 299 640 313 non
653 299 738 320 prorsus
751 291 855 320 confidet⁷
869 294 906 322 qui
919 294 941 314 in
954 294 982 315 se-

252 326 325 347 hrihus
338 323 535 354 putrido-nervosis⁷
549 331 601 353 quas
612 324 699 352 dicunt⁷
712 324 788 352 durus,
802 324 878 347 debilis
889 333 914 346 ac
928 326 982 347 celer

252 364 294 386 est⁷
307 358 343 387 qui
355 365 436 386 semper
449 362 520 378 autem
531 357 594 378 fallax
602 362 633 378 est
642 362 663 378 et
671 358 786 386 praesertim
796 358 818 378 in
827 357 982 380 adfectionibus

252 391 345 412 nervosis
355 390 494 418 supprimitur
504 397 598 418 spasmo:
609 389 646 411 sed
658 391 728 419 primo
739 390 851 412 oculorum
862 391 982 413 obtutu'fa-

250 423 335 444 cultatis
347 430 440 444 nervosae
451 423 624 443 constitutionem
638 423 775 444 universalem
789 424 900 452 perspiciet
914 431 939 445 ex
951 423 982 445 di-

251 463 310 478 versa
331 455 526 484 phaenomenorum
543 456 623 476 ratione
640 460 661 475 et
679 456 738 477 omni
755 456 881 483 aegrotantis
898 456 981 478 habitu.

249 489 320 517 Atque
338 487 381 509 duo
399 493 449 508 sunt
468 495 543 515 genera
559 495 630 508 rerum
647 488 801 509 contrariarum
817 496 869 518 quas
887 489 980 511 accidere

251 520 343 549 videbit3
351 528 424 542 omnes
432 521 510 542 scilicet
518 528 606 548 magnae
615 521 737 541 irritationis
746 521 831 542 effectus
840 522 903 543 simul
911 528 980 544 osten-

249 552 331 574 duntur
341 561 390 575 cum
400 554 424 574 iis
431 569 437 581 ,
447 554 484 583 qui
496 554 598 582 pertinaci
612 552 754 574 debilitationi
769 553 903 575 adhaereant.
916 554 982 576 Haud

249 587 319 608 multo
332 592 380 615 post
394 587 464 608 morbi
478 587 607 608 invasionem
621 587 711 608 exterior
725 587 818 615 corporis
835 588 889 608 cutis
905 588 982 616 accipit

247 620 341 641 colorem
352 620 460 641 cinereum
471 624 492 640 et
504 619 594 640 lividum
601 635 607 647 ,
619 620 656 648 qui
668 619 758 641 rubrum
770 619 908 649 vividumque
920 621 979 641 colo-

248 660 294 674 rem
309 653 473 674 inflammationi
487 653 598 681 proprium
612 653 700 681 excepit.
716 651 824 674 Sentiendi
838 652 981 682 audiendique

248 686 302 706 acies
311 686 355 714 jam
364 690 395 706 est
402 685 487 712 obtusa,
497 684 556 714 quod
563 685 585 705 in
591 685 661 706 morbi
667 685 771 713 principio
776 686 891 714 pessimum
896 686 982 714 signum

247 723 286 739 est.
298 717 397 739 Ceterum
409 717 531 739 facultatem
543 725 652 738 nervosam
665 725 708 739 esse
720 723 852 739 consumtam
862 726 912 739 mox
922 718 981 740 videt

248 758 272 772 ac
280 751 344 772 sentit
351 750 459 778 Medieus3
470 750 497 772 de
508 758 552 780 quo
564 749 802 780 disserimus‚ex»oculis
814 750 902 779 torpidis
914 756 935 772 et
947 752 980 773 vi-

248 785 310 813 treis,
322 792 347 805 ex
361 784 413 805 facie
425 789 533 805 eontracta
544 789 566 805 et
579 783 659 812 rigida,
673 791 721 813 qnae
734 783 874 806 subdelirium
888 790 909 805 et
920 792 981 805 coma

247 816 405 838 somnolentum
422 817 550 844 comitaturq
565 824 657 845 qnorum
671 817 767 837 omnium
783 816 979 844 phaenomenornm

220 852 223 855 '
246 850 381 877 congregatio
391 848 459 870 eidem
469 849 541 869 statim
550 849 662 877 primoque
671 848 783 869 oculorum
795 847 896 877 adspectu
907 849 977 871 morbi

247 881 358 909 diagnosin
369 880 491 910 suppeditat
506 888 511 902 :
523 888 610 909 aegrum
622 886 693 902 autem
705 881 818 909 expergisci
831 888 881 902 cum
892 886 978 910 stupore

247 914 351 944 quodam⁷
360 922 396 935 seu
405 913 498 942 apathia,
506 914 621 942 praesertim
632 913 696 934 etiam
707 914 821 942 expergisci
831 921 881 935 cum
891 914 978 936 horrore

246 952 267 968 et
279 946 417 968 admiratione
431 947 448 968 si
459 946 541 974 videat⁷
556 946 708 968 animadvertet
722 952 786 976 atque
801 952 899 975 agnoscet
911 948 932 968 in
945 947 977 969 his

246 981 309 1008 signis
320 981 379 1010 quasi
389 981 463 1002 mortis
473 980 642 1009 praecursionem.
653 981 725 1002 Morbi
734 986 809 1001 natura
821 988 845 1002 ac
854 986 920 1011 status
929 988 977 1002 rur<

247 1021 294 1041 sus,
306 1014 323 1034 si
335 1013 389 1035 forte
400 1014 491 1034 irritatio
505 1014 527 1034 in
541 1013 607 1035 alium
621 1013 692 1035 locum
705 1014 768 1035 suerit
783 1014 892 1041 translata,
907 1014 977 1035 multo

245 1047 315 1068 minus
333 1046 450 1074 periculosa
466 1046 498 1068 illi
513 1045 649 1067 videbuntur.
664 1045 761 1068 Audierit
775 1054 826 1068 vero
840 1046 907 1067 altum
922 1044 977 1068 illud

246 1078 371 1106 suspirium⁷
383 1077 442 1107 quod
454 1078 522 1100 verbis
532 1077 622 1099 describi
631 1086 675 1099 non
685 1083 767 1107 potest,
777 1077 813 1099 sed
823 1078 850 1099 ab
859 1078 977 1100 exercitatis

246 1117 330 1134 tantum
341 1113 457 1141 percipitur
465 1118 487 1134 et
494 1112 634 1141 dignoscitur,
646 1113 784 1142 exspiratione
793 1113 829 1135 ina
839 1112 945 1142 profunda
954 1118 977 1135 et
