1108 1488
261 173 289 200 34
531 172 556 194 A.
569 173 617 194 Vm
631 169 729 194 Somnum

258 223 334 245 eodem
343 223 407 245 modo
417 229 480 253 atque
489 223 511 244 in
521 224 609 245 sanitate
619 224 718 245 humores
727 223 811 251 secreti,
821 223 893 245 indole
902 224 956 246 inter
964 232 986 246 se

256 256 359 278 differunt
371 264 410 285 pro
419 257 499 277 ratione
510 256 635 278 diversitatis
643 264 772 285 organorum
781 256 919 278 adfectatum.
929 257 985 278 Hinc

257 294 393 316 steatomata,
411 288 554 317 melicerides,
569 288 730 318 encephaloides
747 294 768 310 et
784 289 900 310 melanoses
913 296 919 310 ς
934 289 983 311 hinc

257 322 382 351 encephalus
395 323 417 343 in
427 322 629 350 pulmamentarium
638 329 759 350 conversus,
768 327 789 343 et
802 323 824 343 in
838 321 943 350 glandulis
954 323 985 344 in—

257 355 378 376 durationes
389 354 513 383 scirfflosae,
520 363 611 384 quarum
620 355 746 376 exulceratio
752 355 841 376 terribili
849 355 985 377 carcinomati

256 388 360 415 originem
376 387 462 416 praebet.
482 387 629 416 Lympharum
648 387 724 408 harum
743 387 889 408 infiltrationes
908 388 981 409 multi-

255 420 320 449 plices
333 427 405 441 omnes
418 420 517 441 cavitates
530 420 623 449 corporis
636 425 753 449 occupant,
763 421 878 449 praesertim
892 419 982 441 debilio-

255 461 288 474 res
302 453 417 474 infantium
431 452 565 481 encephalos3
578 460 626 482 quat
638 452 731 481 lymphae
746 453 824 480 effusae,
835 460 883 473 cum
899 452 982 474 adulte-

255 486 359 507 rationem
372 485 451 507 efficere
463 486 544 514 possint
554 486 577 506 in
588 486 664 513 succis⁷
674 486 711 514 qui
720 485 783 514 primi
791 484 907 513 digestione
917 485 983 514 fiunt,

254 524 276 540 et
289 519 413 547 copiosiores
424 519 466 542 sint
474 526 539 548 quam
552 526 599 548 quae
611 518 719 540 absorberi
730 524 824 547 possent,
837 519 921 547 penitus
935 519 981 540 irri-

254 558 302 574 tant
316 554 456 574 extremitates
469 558 490 574 et
502 553 630 582 peripherias
642 558 730 574 textura!
742 552 841 581 fibi-osae⁷
857 561 899 583 qna
911 554 980 575 irrita-

254 587 313 607 tione
325 586 436 608 soorbutns
449 585 540 607 foetidus
553 591 575 607 et
585 593 734 615 saepenumero
744 586 811 608 letalis
823 586 923 614 gignitur.
939 587 982 608 Ali-

253 619 340 648 quando
353 619 492 640 inflammatio
502 619 603 640 albumen
616 625 741 648 corruptum
754 618 856 641 diffundit
868 620 890 640 in
906 620 981 648 cutim,

253 658 275 673 et
291 652 409 681 complures
425 652 545 681 eruptiones
563 652 667 680 eoncitat,
683 659 730 681 quae
743 652 793 673 item
807 653 862 674 inter
873 660 894 673 se
907 652 982 674 discre-

252 690 360 714 pantipro
374 685 456 706 ratione
474 685 548 713 organi
565 685 658 713 primum
675 684 724 705 laesi.
739 685 804 713 Nam,
816 690 840 706 ut
855 684 895 706 hoc
912 686 980 707 obiter

252 725 386 746 moneamus,
400 718 501 747 quoniam
512 722 602 746 systema
615 717 761 739 dermo‘ideum
777 722 809 739 est
821 725 889 739 unum
905 723 926 739 et
943 717 980 739 ho·-

252 758 390 778 mogeneum,
402 758 475 771 omnes
491 758 576 780 quoque
591 751 711 779 eruptiones
726 751 839 772 necessarie
852 756 920 772 essent
932 758 979 772 unte

253 789 275 805 et
287 784 432 812 homogeueae⁷
446 784 463 805 si
477 784 615 813 proprietates
623 792 702 806 earum
715 792 727 805 a
739 785 793 806 cutis
807 789 913 806 structura
927 792 979 813 pen-

253 818 333 840 dez-ent.

281 885 327 906 Hae
333 889 404 906 autem
410 884 589 913 perturbationes,
596 891 643 914 quae
650 886 747 907 saeviente
754 884 840 915 quidem
846 884 921 905 morbo
928 891 976 905 nas-

251 923 339 946 cuntur,
346 923 416 938 tamen
426 918 516 946 grassari
522 923 624 946 pergunt⁷
631 918 727 948 quando,
734 919 850 940 irritatione
859 917 978 945 deminuta,

251 951 391 972 inflammatio
406 951 471 971 evasit
485 950 596 979 chronica,
608 959 667 981 quae,
681 959 731 973 cum
747 951 827 980 generis
840 955 871 972 est
884 949 978 979 ejusdem

252 988 317 1012 atque
323 988 384 1004 acuta
391 983 530 1004 inflammatio
536 999 542 1011 ,
549 988 596 1005 tum
602 984 664 1005 etiam
672 983 769 1005 eamdem
778 983 866 1005 curandi
875 983 978 1004 rationem

251 1016 345 1045 postulat
356 1023 361 1037 :
375 1021 439 1046 atque
451 1017 473 1037 in
485 1023 509 1037 ea
521 1016 612 1044 regenda
622 1016 707 1038 Medico
715 1024 792 1045 magna
804 1017 888 1038 solertia
900 1021 931 1037 est
944 1014 979 1037 ad-

250 1048 343 1071 hibenda
354 1056 359 1070 t
371 1050 462 1078 serpenti
476 1056 543 1079 usque
558 1049 655 1077 phlogosi
664 1049 839 1071 medicaminibus
852 1048 978 1077 antiphlogi-

250 1082 307 1103 sticis
322 1082 351 1103 ita
366 1081 481 1111 prudenter
492 1082 598 1104 obsistere
614 1082 690 1110 debet,
708 1087 733 1103 ut
748 1090 795 1111 pars
813 1081 894 1103 adfecta
909 1082 977 1103 neuti-

251 1122 316 1144 quam
328 1115 422 1136 irritetur
434 1120 455 1136 et
468 1120 539 1137 tamen
552 1115 579 1137 ab
592 1115 681 1136 interitu.
692 1115 749 1137 salva
762 1120 904 1137 conservetur.
