<?xml version="1.0" encoding="UTF-8"?>
<!DOCTYPE html PUBLIC "-//W3C//DTD XHTML 1.0 Transitional//EN"
    "http://www.w3.org/TR/xhtml1/DTD/xhtml1-transitional.dtd">
<html xmlns="http://www.w3.org/1999/xhtml" xml:lang="en" lang="en">
 <head>
  <title>
</title>
<meta http-equiv="Content-Type" content="text/html;charset=utf-8" />
  <meta name='ocr-system' content='tesseract 3.04.00' />
  <meta name='ocr-capabilities' content='ocr_page ocr_carea ocr_par ocr_line ocrx_word'/>
</head>
<body>
  <div class='ocr_page' id='page_1' title='image "annalesacademia02goog_0113.png"; bbox 0 0 1108 1488; ppageno 0'>
   <div class='ocr_carea' id='block_1_1' title="bbox 417 166 828 198">
    <p class='ocr_par' dir='ltr' id='par_1_1' title="bbox 417 166 828 198">
     <span class='ocr_line' id='line_1_1' title="bbox 417 166 828 198; baseline 0.002 -11"><span class='ocrx_word' id='word_1_1' title='bbox 417 166 519 189; x_wconf 65' lang='lat' dir='ltr'>Omnes«.</span> <span class='ocrx_word' id='word_1_2' title='bbox 610 171 616 198; x_wconf 34' lang='grc' dir='ltr'>Ἰ</span> <span class='ocrx_word' id='word_1_3' title='bbox 802 175 828 197; x_wconf 87' lang='lat'>19</span> 
     </span>
    </p>
   </div>
   <div class='ocr_carea' id='block_1_2' title="bbox 103 222 833 417">
    <p class='ocr_par' dir='ltr' id='par_1_2' title="bbox 103 222 833 417">
     <span class='ocr_line' id='line_1_2' title="bbox 103 222 827 253; baseline 0.001 -7"><span class='ocrx_word' id='word_1_4' title='bbox 103 223 165 246; x_wconf 82' lang='lat' dir='ltr'>modo</span> <span class='ocrx_word' id='word_1_5' title='bbox 173 229 198 245; x_wconf 89' lang='lat' dir='ltr'>ut</span> <span class='ocrx_word' id='word_1_6' title='bbox 208 223 370 245; x_wconf 71' lang='lat' dir='ltr'>Hieramhtcum</span> <span class='ocrx_word' id='word_1_7' title='bbox 380 223 520 252; x_wconf 78' lang='lat' dir='ltr'>elementum,</span> <span class='ocrx_word' id='word_1_8' title='bbox 530 222 625 253; x_wconf 74' lang='lat' dir='ltr'>vquocum</span> <span class='ocrx_word' id='word_1_9' title='bbox 638 224 714 247; x_wconf 83' lang='lat' dir='ltr'>Politia</span> <span class='ocrx_word' id='word_1_10' title='bbox 726 225 780 247; x_wconf 83' lang='lat' dir='ltr'>nihil</span> <span class='ocrx_word' id='word_1_11' title='bbox 791 225 827 247; x_wconf 76' lang='lat' dir='ltr'>h&#39;a-</span> 
     </span>
     <span class='ocr_line' id='line_1_3' title="bbox 103 257 833 288; baseline 0.003 -10"><span class='ocrx_word' id='word_1_12' title='bbox 103 258 159 279; x_wconf 81' lang='lat' dir='ltr'>beret</span> <span class='ocrx_word' id='word_1_13' title='bbox 174 265 300 285; x_wconf 78' lang='lat' dir='ltr'>commune,</span> <span class='ocrx_word' id='word_1_14' title='bbox 323 263 462 285; x_wconf 74' lang='lat' dir='ltr'>memoraret3</span> <span class='ocrx_word' id='word_1_15' title='bbox 481 265 548 287; x_wconf 88' lang='lat' dir='ltr'>quum</span> <span class='ocrx_word' id='word_1_16' title='bbox 567 257 658 288; x_wconf 87' lang='lat' dir='ltr'>denique</span> <span class='ocrx_word' id='word_1_17' title='bbox 675 258 833 280; x_wconf 67' lang='lat' dir='ltr'>dissensionem</span> 
     </span>
     <span class='ocr_line' id='line_1_4' title="bbox 104 289 826 319; baseline 0 -7"><span class='ocrx_word' id='word_1_18' title='bbox 104 290 284 319; x_wconf 82' lang='lat' dir='ltr'>Ephraimitarnm</span> <span class='ocrx_word' id='word_1_19' title='bbox 296 295 318 311; x_wconf 95' lang='lat' dir='ltr'>et</span> <span class='ocrx_word' id='word_1_20' title='bbox 330 290 343 311; x_wconf 85' lang='lat' dir='ltr'><strong>J</strong></span> <span class='ocrx_word' id='word_1_21' title='bbox 345 289 461 311; x_wconf 84' lang='lat' dir='ltr'>udaeorum</span> <span class='ocrx_word' id='word_1_22' title='bbox 473 297 550 318; x_wconf 84' lang='lat' dir='ltr'>parum</span> <span class='ocrx_word' id='word_1_23' title='bbox 563 296 619 311; x_wconf 81' lang='lat' dir='ltr'>recte</span> <span class='ocrx_word' id='word_1_24' title='bbox 636 290 753 319; x_wconf 76' lang='lat' dir='ltr'>judicaret,</span> <span class='ocrx_word' id='word_1_25' title='bbox 764 291 826 313; x_wconf 76' lang='lat' dir='ltr'>rebus</span> 
     </span>
     <span class='ocr_line' id='line_1_5' title="bbox 103 322 826 352; baseline 0.001 -9"><span class='ocrx_word' id='word_1_26' title='bbox 103 323 172 344; x_wconf 80' lang='lat' dir='ltr'>etiam.</span> <span class='ocrx_word' id='word_1_27' title='bbox 185 322 336 351; x_wconf 83' lang='lat' dir='ltr'>Geographicis</span> <span class='ocrx_word' id='word_1_28' title='bbox 347 322 444 350; x_wconf 83' lang='lat' dir='ltr'>exiguam</span> <span class='ocrx_word' id='word_1_29' title='bbox 458 327 543 343; x_wconf 83' lang='lat' dir='ltr'>tantum</span> <span class='ocrx_word' id='word_1_30' title='bbox 554 330 628 344; x_wconf 85' lang='lat' dir='ltr'>curam</span> <span class='ocrx_word' id='word_1_31' title='bbox 639 323 754 352; x_wconf 80' lang='lat' dir='ltr'>tribueret,</span> <span class='ocrx_word' id='word_1_32' title='bbox 765 323 826 345; x_wconf 83' lang='lat' dir='ltr'>aliter</span> 
     </span>
     <span class='ocr_line' id='line_1_6' title="bbox 103 353 826 386; baseline 0.003 -10"><span class='ocrx_word' id='word_1_33' title='bbox 103 355 183 376; x_wconf 84' lang='lat' dir='ltr'>evenire</span> <span class='ocrx_word' id='word_1_34' title='bbox 191 355 231 383; x_wconf 77' lang='lat' dir='ltr'>ipsi</span> <span class='ocrx_word' id='word_1_35' title='bbox 240 362 283 376; x_wconf 88' lang='lat' dir='ltr'>non</span> <span class='ocrx_word' id='word_1_36' title='bbox 292 353 373 384; x_wconf 79' lang='lat' dir='ltr'>potuit,</span> <span class='ocrx_word' id='word_1_37' title='bbox 383 362 446 384; x_wconf 86' lang='lat' dir='ltr'>quam</span> <span class='ocrx_word' id='word_1_38' title='bbox 456 360 480 377; x_wconf 89' lang='lat' dir='ltr'>ut</span> <span class='ocrx_word' id='word_1_39' title='bbox 490 362 544 386; x_wconf 86' lang='lat' dir='ltr'>quae</span> <span class='ocrx_word' id='word_1_40' title='bbox 556 355 610 377; x_wconf 89' lang='lat' dir='ltr'>bene</span> <span class='ocrx_word' id='word_1_41' title='bbox 619 356 739 384; x_wconf 74' lang='lat' dir='ltr'><strong>auspicatus</strong></span> <span class='ocrx_word' id='word_1_42' title='bbox 748 356 826 384; x_wconf 78' lang='lat' dir='ltr'>suerat,</span> 
     </span>
     <span class='ocr_line' id='line_1_7' title="bbox 103 387 434 417; baseline 0 -8"><span class='ocrx_word' id='word_1_43' title='bbox 103 395 144 409; x_wconf 89' lang='lat' dir='ltr'>non</span> <span class='ocrx_word' id='word_1_44' title='bbox 154 388 205 409; x_wconf 86' lang='lat' dir='ltr'>item</span> <span class='ocrx_word' id='word_1_45' title='bbox 216 387 269 409; x_wconf 86' lang='lat' dir='ltr'>bene</span> <span class='ocrx_word' id='word_1_46' title='bbox 278 393 434 417; x_wconf 77' lang='lat' dir='ltr'>exsequeretur.</span> 
     </span>
    </p>
   </div>
   <div class='ocr_carea' id='block_1_3' title="bbox 98 428 829 1140">
    <p class='ocr_par' dir='ltr' id='par_1_3' title="bbox 98 428 829 1140">
     <span class='ocr_line' id='line_1_8' title="bbox 128 428 825 460; baseline 0.001 -10"><span class='ocrx_word' id='word_1_47' title='bbox 128 429 192 451; x_wconf 83' lang='lat' dir='ltr'>Nunc</span> <span class='ocrx_word' id='word_1_48' title='bbox 206 436 256 450; x_wconf 83' lang='lat' dir='ltr'>vero</span> <span class='ocrx_word' id='word_1_49' title='bbox 261 434 396 457; x_wconf 85' lang='lat' dir='ltr'>perventum</span> <span class='ocrx_word' id='word_1_50' title='bbox 409 434 440 450; x_wconf 89' lang='lat' dir='ltr'>est</span> <span class='ocrx_word' id='word_1_51' title='bbox 453 428 480 450; x_wconf 82' lang='lat' dir='ltr'>ad</span> <span class='ocrx_word' id='word_1_52' title='bbox 493 429 701 451; x_wconf 80' lang='lat' dir='ltr'>Commentatiouem</span> <span class='ocrx_word' id='word_1_53' title='bbox 717 431 825 460; x_wconf 76' lang='lat' dir='ltr'><strong>quintam,</strong></span> 
     </span>
     <span class='ocr_line' id='line_1_9' title="bbox 102 460 826 491; baseline 0.001 -8"><span class='ocrx_word' id='word_1_54' title='bbox 102 463 159 491; x_wconf 74' lang='lat' dir='ltr'>eujus</span> <span class='ocrx_word' id='word_1_55' title='bbox 172 467 246 483; x_wconf 82' lang='lat' dir='ltr'><strong>auctor</strong></span> <span class='ocrx_word' id='word_1_56' title='bbox 256 467 314 483; x_wconf 82' lang='lat' dir='ltr'>tanta</span> <span class='ocrx_word' id='word_1_57' title='bbox 324 462 415 490; x_wconf 81' lang='lat' dir='ltr'>laboris,</span> <span class='ocrx_word' id='word_1_58' title='bbox 426 460 565 490; x_wconf 70' lang='lat' dir='ltr'>diligentiae,</span> <span class='ocrx_word' id='word_1_59' title='bbox 575 461 700 484; x_wconf 80' lang='lat' dir='ltr'>eruditionis</span> <span class='ocrx_word' id='word_1_60' title='bbox 712 464 826 491; x_wconf 80' lang='lat' dir='ltr'>specimina</span> 
     </span>
     <span class='ocr_line' id='line_1_10' title="bbox 102 494 826 524; baseline 0.001 -8"><span class='ocrx_word' id='word_1_61' title='bbox 102 494 160 516; x_wconf 84' lang='lat' dir='ltr'>dedit</span> <span class='ocrx_word' id='word_1_62' title='bbox 170 510 177 523; x_wconf 81' lang='lat'>,</span> <span class='ocrx_word' id='word_1_63' title='bbox 192 500 271 524; x_wconf 81' lang='lat' dir='ltr'>quanta</span> <span class='ocrx_word' id='word_1_64' title='bbox 286 495 322 516; x_wconf 86' lang='lat' dir='ltr'>vix</span> <span class='ocrx_word' id='word_1_65' title='bbox 338 500 445 523; x_wconf 85' lang='lat' dir='ltr'>expectare</span> <span class='ocrx_word' id='word_1_66' title='bbox 460 495 486 516; x_wconf 83' lang='lat' dir='ltr'>ab</span> <span class='ocrx_word' id='word_1_67' title='bbox 502 494 634 519; x_wconf 78' lang='lat' dir='ltr'>adolescente</span> <span class='ocrx_word' id='word_1_68' title='bbox 648 495 704 517; x_wconf 86' lang='lat' dir='ltr'>licet.</span> <span class='ocrx_word' id='word_1_69' title='bbox 719 496 826 517; x_wconf 78' lang='lat' dir='ltr'>Sermonis</span> 
     </span>
     <span class='ocr_line' id='line_1_11' title="bbox 102 526 826 559; baseline 0.003 -11"><span class='ocrx_word' id='word_1_70' title='bbox 102 528 211 556; x_wconf 72' lang='lat' dir='ltr'>elegantia⁷</span> <span class='ocrx_word' id='word_1_71' title='bbox 226 526 351 556; x_wconf 85' lang='lat' dir='ltr'>disponendi</span> <span class='ocrx_word' id='word_1_72' title='bbox 369 526 441 555; x_wconf 83' lang='lat' dir='ltr'>Ordo,</span> <span class='ocrx_word' id='word_1_73' title='bbox 459 526 578 557; x_wconf 84' lang='lat' dir='ltr'>exponendi</span> <span class='ocrx_word' id='word_1_74' title='bbox 594 529 694 556; x_wconf 80' lang='lat' dir='ltr'>sagacitas</span> <span class='ocrx_word' id='word_1_75' title='bbox 712 536 826 559; x_wconf 82' lang='lat' dir='ltr'>rerumque</span> 
     </span>
     <span class='ocr_line' id='line_1_12' title="bbox 102 559 826 591; baseline 0.004 -10"><span class='ocrx_word' id='word_1_76' title='bbox 102 561 196 588; x_wconf 79' lang='lat' dir='ltr'>ubertas,</span> <span class='ocrx_word' id='word_1_77' title='bbox 209 560 290 588; x_wconf 86' lang='lat' dir='ltr'>ingenii</span> <span class='ocrx_word' id='word_1_78' title='bbox 301 567 400 587; x_wconf 76' lang='lat' dir='ltr'>acumen,</span> <span class='ocrx_word' id='word_1_79' title='bbox 414 560 485 581; x_wconf 87' lang='lat' dir='ltr'>critica</span> <span class='ocrx_word' id='word_1_80' title='bbox 498 561 519 581; x_wconf 90' lang='lat' dir='ltr'>in</span> <span class='ocrx_word' id='word_1_81' title='bbox 531 568 563 582; x_wconf 86' lang='lat' dir='ltr'>res</span> <span class='ocrx_word' id='word_1_82' title='bbox 575 559 650 582; x_wconf 82' lang='lat' dir='ltr'>dubias</span> <span class='ocrx_word' id='word_1_83' title='bbox 662 561 784 591; x_wconf 85' lang='lat' dir='ltr'>inquirendi</span> <span class='ocrx_word' id='word_1_84' title='bbox 796 571 826 584; x_wconf 84' lang='lat' dir='ltr'>ra·</span> 
     </span>
     <span class='ocr_line' id='line_1_13' title="bbox 102 591 824 622; baseline 0.001 -7"><span class='ocrx_word' id='word_1_85' title='bbox 102 594 138 621; x_wconf 85' lang='lat' dir='ltr'>tio,</span> <span class='ocrx_word' id='word_1_86' title='bbox 149 600 260 614; x_wconf 85' lang='lat' dir='ltr'>causarum</span> <span class='ocrx_word' id='word_1_87' title='bbox 271 591 465 621; x_wconf 77' lang='lat' dir='ltr'>investigandarum</span> <span class='ocrx_word' id='word_1_88' title='bbox 477 593 578 620; x_wconf 79' lang='lat' dir='ltr'>facilitas,</span> <span class='ocrx_word' id='word_1_89' title='bbox 590 593 666 622; x_wconf 87' lang='lat' dir='ltr'>judicii</span> <span class='ocrx_word' id='word_1_90' title='bbox 681 595 768 622; x_wconf 81' lang='lat' dir='ltr'>veritas,</span> <span class='ocrx_word' id='word_1_91' title='bbox 785 595 824 617; x_wconf 82' lang='lat' dir='ltr'>hae</span> 
     </span>
     <span class='ocr_line' id='line_1_14' title="bbox 101 625 824 655; baseline 0.003 -8"><span class='ocrx_word' id='word_1_92' title='bbox 101 632 148 647; x_wconf 80' lang='lat' dir='ltr'>sunt</span> <span class='ocrx_word' id='word_1_93' title='bbox 159 626 249 647; x_wconf 82' lang='lat' dir='ltr'>virtutes</span> <span class='ocrx_word' id='word_1_94' title='bbox 261 626 338 655; x_wconf 87' lang='lat' dir='ltr'>quibus</span> <span class='ocrx_word' id='word_1_95' title='bbox 350 631 424 647; x_wconf 88' lang='lat' dir='ltr'>auctor</span> <span class='ocrx_word' id='word_1_96' title='bbox 435 626 528 654; x_wconf 80' lang='lat' dir='ltr'>egregiae</span> <span class='ocrx_word' id='word_1_97' title='bbox 542 626 606 654; x_wconf 88' lang='lat' dir='ltr'>hujus</span> <span class='ocrx_word' id='word_1_98' title='bbox 618 625 769 649; x_wconf 74' lang='lat' dir='ltr'>dissertationis</span> <span class='ocrx_word' id='word_1_99' title='bbox 781 628 824 649; x_wconf 88' lang='lat' dir='ltr'>cla-</span> 
     </span>
     <span class='ocr_line' id='line_1_15' title="bbox 101 658 824 689; baseline 0.003 -9"><span class='ocrx_word' id='word_1_100' title='bbox 101 664 142 687; x_wconf 69' lang='grc' dir='ltr'>τοῖς</span> <span class='ocrx_word' id='word_1_101' title='bbox 157 659 197 688; x_wconf 86' lang='lat' dir='ltr'>qui</span> <span class='ocrx_word' id='word_1_102' title='bbox 205 659 245 680; x_wconf 82' lang='lat' dir='ltr'>nisi</span> <span class='ocrx_word' id='word_1_103' title='bbox 258 658 365 680; x_wconf 82' lang='lat' dir='ltr'>habuisset</span> <span class='ocrx_word' id='word_1_104' title='bbox 379 659 505 680; x_wconf 85' lang='lat' dir='ltr'>acerrimum</span> <span class='ocrx_word' id='word_1_105' title='bbox 517 659 618 681; x_wconf 82' lang='lat' dir='ltr'>victoriae</span> <span class='ocrx_word' id='word_1_106' title='bbox 631 660 737 681; x_wconf 88' lang='lat' dir='ltr'>aemulum</span> <span class='ocrx_word' id='word_1_107' title='bbox 745 676 751 687; x_wconf 80' lang='lat'>‚</span> <span class='ocrx_word' id='word_1_108' title='bbox 763 668 824 689; x_wconf 87' lang='lat' dir='ltr'>prae-</span> 
     </span>
     <span class='ocr_line' id='line_1_16' title="bbox 101 690 825 722; baseline 0.004 -10"><span class='ocrx_word' id='word_1_109' title='bbox 101 692 167 713; x_wconf 85' lang='lat' dir='ltr'>mium</span> <span class='ocrx_word' id='word_1_110' title='bbox 180 692 224 712; x_wconf 88' lang='lat' dir='ltr'>sine</span> <span class='ocrx_word' id='word_1_111' title='bbox 235 690 302 712; x_wconf 80' lang='lat' dir='ltr'>dubio</span> <span class='ocrx_word' id='word_1_112' title='bbox 315 696 451 720; x_wconf 84' lang='lat' dir='ltr'>reportasset,</span> <span class='ocrx_word' id='word_1_113' title='bbox 461 699 532 721; x_wconf 86' lang='lat' dir='ltr'>quum</span> <span class='ocrx_word' id='word_1_114' title='bbox 542 692 613 716; x_wconf 85' lang='lat' dir='ltr'>omnia</span> <span class='ocrx_word' id='word_1_115' title='bbox 627 692 669 713; x_wconf 83' lang='lat' dir='ltr'>fere</span> <span class='ocrx_word' id='word_1_116' title='bbox 679 700 733 722; x_wconf 82' lang='lat' dir='ltr'>quae</span> <span class='ocrx_word' id='word_1_117' title='bbox 745 693 772 715; x_wconf 81' lang='lat' dir='ltr'>ab</span> <span class='ocrx_word' id='word_1_118' title='bbox 784 694 825 715; x_wconf 90' lang='lat' dir='ltr'>Or-</span> 
     </span>
     <span class='ocr_line' id='line_1_17' title="bbox 100 722 824 756; baseline 0.004 -11"><span class='ocrx_word' id='word_1_119' title='bbox 100 723 148 746; x_wconf 86' lang='lat' dir='ltr'>dine</span> <span class='ocrx_word' id='word_1_120' title='bbox 159 723 267 753; x_wconf 76' lang='lat' dir='ltr'>postulata</span> <span class='ocrx_word' id='word_1_121' title='bbox 280 729 349 752; x_wconf 84' lang='lat' dir='ltr'>eraut,</span> <span class='ocrx_word' id='word_1_122' title='bbox 362 724 387 745; x_wconf 83' lang='lat' dir='ltr'>ab</span> <span class='ocrx_word' id='word_1_123' title='bbox 400 725 445 753; x_wconf 85' lang='lat' dir='ltr'>ipso</span> <span class='ocrx_word' id='word_1_124' title='bbox 456 729 524 745; x_wconf 83' lang='lat' dir='ltr'>essent</span> <span class='ocrx_word' id='word_1_125' title='bbox 538 725 652 756; x_wconf 77' lang='lat' dir='ltr'>praestita·</span> <span class='ocrx_word' id='word_1_126' title='bbox 661 722 702 746; x_wconf 86' lang='lat' dir='ltr'>Sed</span> <span class='ocrx_word' id='word_1_127' title='bbox 718 731 824 754; x_wconf 85' lang='lat' dir='ltr'>praeterea</span> 
     </span>
     <span class='ocr_line' id='line_1_18' title="bbox 100 756 824 788; baseline 0.003 -10"><span class='ocrx_word' id='word_1_128' title='bbox 100 756 158 787; x_wconf 88' lang='lat' dir='ltr'>qnod</span> <span class='ocrx_word' id='word_1_129' title='bbox 174 764 336 786; x_wconf 79' lang='lat' dir='ltr'>nonnumquam</span> <span class='ocrx_word' id='word_1_130' title='bbox 355 757 417 779; x_wconf 85' lang='lat' dir='ltr'>nimis</span> <span class='ocrx_word' id='word_1_131' title='bbox 433 756 562 785; x_wconf 80' lang='lat' dir='ltr'>abundaret,</span> <span class='ocrx_word' id='word_1_132' title='bbox 577 765 594 778; x_wconf 94' lang='lat' dir='ltr'>e.</span> <span class='ocrx_word' id='word_1_133' title='bbox 609 764 629 785; x_wconf 84' lang='lat' dir='ltr'>g.</span> <span class='ocrx_word' id='word_1_134' title='bbox 647 758 669 778; x_wconf 94' lang='lat' dir='ltr'>in</span> <span class='ocrx_word' id='word_1_135' title='bbox 687 757 824 788; x_wconf 80' lang='lat' dir='ltr'>describenda</span> 
     </span>
     <span class='ocr_line' id='line_1_19' title="bbox 99 788 825 820; baseline 0.003 -9"><span class='ocrx_word' id='word_1_136' title='bbox 99 796 168 812; x_wconf 76' lang='lat' dir='ltr'>extera</span> <span class='ocrx_word' id='word_1_137' title='bbox 179 790 290 819; x_wconf 83' lang='lat' dir='ltr'>utriusque</span> <span class='ocrx_word' id='word_1_138' title='bbox 299 789 367 818; x_wconf 83' lang='lat' dir='ltr'>Regni</span> <span class='ocrx_word' id='word_1_139' title='bbox 374 788 507 817; x_wconf 81' lang='lat' dir='ltr'>conditione,</span> <span class='ocrx_word' id='word_1_140' title='bbox 516 797 570 819; x_wconf 89' lang='lat' dir='ltr'>quae</span> <span class='ocrx_word' id='word_1_141' title='bbox 582 789 694 814; x_wconf 80' lang='lat' dir='ltr'>dimidiam</span> <span class='ocrx_word' id='word_1_142' title='bbox 703 791 767 812; x_wconf 89' lang='lat' dir='ltr'>totins</span> <span class='ocrx_word' id='word_1_143' title='bbox 777 799 825 820; x_wconf 82' lang='lat' dir='ltr'>ope-</span> 
     </span>
     <span class='ocr_line' id='line_1_20' title="bbox 100 820 825 853; baseline 0.003 -9"><span class='ocrx_word' id='word_1_144' title='bbox 100 824 125 845; x_wconf 77' lang='lat' dir='ltr'>ris</span> <span class='ocrx_word' id='word_1_145' title='bbox 136 828 220 852; x_wconf 83' lang='lat' dir='ltr'>partem</span> <span class='ocrx_word' id='word_1_146' title='bbox 232 821 393 851; x_wconf 65' lang='lat' dir='ltr'>complectitnr3</span> <span class='ocrx_word' id='word_1_147' title='bbox 406 828 469 852; x_wconf 83' lang='lat' dir='ltr'>atque</span> <span class='ocrx_word' id='word_1_148' title='bbox 482 822 544 851; x_wconf 87' lang='lat' dir='ltr'>plura</span> <span class='ocrx_word' id='word_1_149' title='bbox 557 820 610 852; x_wconf 59' lang='lat' dir='ltr'>quie</span> <span class='ocrx_word' id='word_1_150' title='bbox 624 822 652 844; x_wconf 86' lang='lat' dir='ltr'>ad</span> <span class='ocrx_word' id='word_1_151' title='bbox 664 831 708 844; x_wconf 87' lang='lat' dir='ltr'>rem</span> <span class='ocrx_word' id='word_1_152' title='bbox 723 832 766 845; x_wconf 91' lang='lat' dir='ltr'>non</span> <span class='ocrx_word' id='word_1_153' title='bbox 779 832 825 853; x_wconf 80' lang='lat' dir='ltr'>per-</span> 
     </span>
     <span class='ocr_line' id='line_1_21' title="bbox 100 854 827 893; baseline 0.001 -16"><span class='ocrx_word' id='word_1_154' title='bbox 100 857 178 884; x_wconf 82' lang='lat' dir='ltr'>tinent,</span> <span class='ocrx_word' id='word_1_155' title='bbox 191 856 240 877; x_wconf 78' lang='lat' dir='ltr'>licet</span> <span class='ocrx_word' id='word_1_156' title='bbox 251 856 329 884; x_wconf 81' lang='lat' dir='ltr'>perite,</span> <span class='ocrx_word' id='word_1_157' title='bbox 341 854 438 882; x_wconf 81' lang='lat' dir='ltr'>adderet,</span> <span class='ocrx_word' id='word_1_158' title='bbox 452 861 477 876; x_wconf 85' lang='lat' dir='ltr'>ut</span> <span class='ocrx_word' id='word_1_159' title='bbox 490 860 535 877; x_wconf 81' lang='lat' dir='ltr'>tota</span> <span class='ocrx_word' id='word_1_160' title='bbox 545 855 698 893; x_wconf 45' lang='lat' dir='ltr'>P&#39;rolegomena</span> <span class='ocrx_word' id='word_1_161' title='bbox 709 855 735 877; x_wconf 86' lang='lat' dir='ltr'>de</span> <span class='ocrx_word' id='word_1_162' title='bbox 747 857 827 878; x_wconf 86' lang='lat' dir='ltr'>Fonti-·.</span> 
     </span>
     <span class='ocr_line' id='line_1_22' title="bbox 99 888 823 926; baseline 0.003 -17"><span class='ocrx_word' id='word_1_163' title='bbox 99 889 150 917; x_wconf 69' lang='lat' dir='ltr'>bus⁷</span> <span class='ocrx_word' id='word_1_164' title='bbox 165 896 219 918; x_wconf 83' lang='lat' dir='ltr'>quae</span> <span class='ocrx_word' id='word_1_165' title='bbox 234 896 277 909; x_wconf 89' lang='lat' dir='ltr'>non</span> <span class='ocrx_word' id='word_1_166' title='bbox 291 888 362 909; x_wconf 77' lang='lat' dir='ltr'>minus</span> <span class='ocrx_word' id='word_1_167' title='bbox 371 895 474 926; x_wconf 78' lang='lat' dir='ltr'>magnam</span> <span class='ocrx_word' id='word_1_168' title='bbox 489 888 608 920; x_wconf 83' lang='lat' dir='ltr'>scriptionis</span> <span class='ocrx_word' id='word_1_169' title='bbox 623 894 705 921; x_wconf 80' lang='lat' dir='ltr'>partem</span> <span class='ocrx_word' id='word_1_170' title='bbox 720 889 823 918; x_wconf 58' lang='lat' dir='ltr'>efficiunt-5</span> 
     </span>
     <span class='ocr_line' id='line_1_23' title="bbox 100 919 823 953; baseline 0 -11"><span class='ocrx_word' id='word_1_171' title='bbox 100 919 231 949; x_wconf 83' lang='lat' dir='ltr'>nonnulla,&#39;</span> <span class='ocrx_word' id='word_1_172' title='bbox 225 919 251 942; x_wconf 85' lang='grc' dir='ltr'>ιιι</span> <span class='ocrx_word' id='word_1_173' title='bbox 263 921 341 951; x_wconf 84' lang='lat' dir='ltr'>quihus</span> <span class='ocrx_word' id='word_1_174' title='bbox 355 921 387 942; x_wconf 86' lang='lat' dir='ltr'>vis</span> <span class='ocrx_word' id='word_1_175' title='bbox 401 921 468 942; x_wconf 84' lang='lat' dir='ltr'>inerat</span> <span class='ocrx_word' id='word_1_176' title='bbox 480 921 583 947; x_wconf 79' lang='lat' dir='ltr'>maxima,</span> <span class='ocrx_word' id='word_1_177' title='bbox 596 921 665 953; x_wconf 75' lang='lat' dir='ltr'>obiter</span> <span class='ocrx_word' id='word_1_178' title='bbox 678 922 786 951; x_wconf 81' lang='lat' dir='ltr'>tractavit,</span> <span class='ocrx_word' id='word_1_179' title='bbox 798 928 823 943; x_wconf 86' lang='lat' dir='ltr'>ut</span> 
     </span>
     <span class='ocr_line' id='line_1_24' title="bbox 99 952 822 992; baseline 0 -16"><span class='ocrx_word' id='word_1_180' title='bbox 99 962 129 976; x_wconf 57' lang='lat' dir='ltr'>ra</span> <span class='ocrx_word' id='word_1_181' title='bbox 139 954 304 992; x_wconf 83' lang='lat' dir='ltr'>Ephraimitico-</span> <span class='ocrx_word' id='word_1_182' title='bbox 296 953 416 981; x_wconf 79' lang='lat' dir='ltr'>-Judaicas3</span> <span class='ocrx_word' id='word_1_183' title='bbox 427 954 469 975; x_wconf 77' lang='lat' dir='ltr'>alia</span> <span class='ocrx_word' id='word_1_184' title='bbox 479 952 544 975; x_wconf 86' lang='lat' dir='ltr'>modo</span> <span class='ocrx_word' id='word_1_185' title='bbox 557 954 640 991; x_wconf 80' lang='lat' dir='ltr'>tetigit,</span> <span class='ocrx_word' id='word_1_186' title='bbox 652 959 677 975; x_wconf 90' lang='lat' dir='ltr'>ut</span> <span class='ocrx_word' id='word_1_187' title='bbox 689 960 822 976; x_wconf 87' lang='lat' dir='ltr'>momentum</span> 
     </span>
     <span class='ocr_line' id='line_1_25' title="bbox 99 985 823 1024; baseline 0 -16"><span class='ocrx_word' id='word_1_188' title='bbox 99 986 164 1008; x_wconf 86' lang='lat' dir='ltr'>illud</span> <span class='ocrx_word' id='word_1_189' title='bbox 168 986 316 1015; x_wconf 76' lang='lat' dir='ltr'>gravissimum</span> <span class='ocrx_word' id='word_1_190' title='bbox 329 986 388 1014; x_wconf 88' lang='lat' dir='ltr'>regni</span> <span class='ocrx_word' id='word_1_191' title='bbox 400 985 480 1024; x_wconf 59' lang='lat' dir='ltr'>Midae,</span> <span class='ocrx_word' id='word_1_192' title='bbox 495 985 572 1015; x_wconf 72' lang='lat' dir='ltr'>quod</span> <span class='ocrx_word' id='word_1_193' title='bbox 565 994 588 1007; x_wconf 91' lang='grc' dir='ltr'>ιιι</span> <span class='ocrx_word' id='word_1_194' title='bbox 589 985 667 1007; x_wconf 83' lang='lat' dir='ltr'>cultu·</span> <span class='ocrx_word' id='word_1_195' title='bbox 665 986 823 1015; x_wconf 81' lang='lat' dir='ltr'>Prophetarum</span> 
     </span>
     <span class='ocr_line' id='line_1_26' title="bbox 98 1017 829 1049; baseline 0 -9"><span class='ocrx_word' id='word_1_196' title='bbox 98 1020 196 1041; x_wconf 78' lang='lat' dir='ltr'>cernitur.</span> <span class='ocrx_word' id='word_1_197' title='bbox 210 1020 265 1043; x_wconf 68' lang='lat' dir='ltr'>Tota,</span> <span class='ocrx_word' id='word_1_198' title='bbox 278 1019 402 1049; x_wconf 71' lang='lat' dir='ltr'>ceteroquin</span> <span class='ocrx_word' id='word_1_199' title='bbox 416 1019 485 1048; x_wconf 83' lang='lat' dir='ltr'>operis</span> <span class='ocrx_word' id='word_1_200' title='bbox 499 1019 554 1040; x_wconf 73' lang='lat' dir='ltr'>ratio</span> <span class='ocrx_word' id='word_1_201' title='bbox 566 1018 645 1040; x_wconf 86' lang='lat' dir='ltr'>indicia</span> <span class='ocrx_word' id='word_1_202' title='bbox 657 1018 745 1041; x_wconf 83' lang='lat' dir='ltr'>minime</span> <span class='ocrx_word' id='word_1_203' title='bbox 756 1017 829 1041; x_wconf 69' lang='lat' dir='ltr'>dubia*</span> 
     </span>
     <span class='ocr_line' id='line_1_27' title="bbox 99 1052 822 1081; baseline 0 -7"><span class='ocrx_word' id='word_1_204' title='bbox 99 1052 194 1081; x_wconf 77' lang='lat' dir='ltr'>exhibet,</span> <span class='ocrx_word' id='word_1_205' title='bbox 206 1052 361 1074; x_wconf 72' lang='lat' dir='ltr'>adolescentem</span> <span class='ocrx_word' id='word_1_206' title='bbox 373 1052 480 1080; x_wconf 77' lang='lat' dir='ltr'>egregium</span> <span class='ocrx_word' id='word_1_207' title='bbox 491 1052 595 1080; x_wconf 74' lang='lat' dir='ltr'>temporis</span> <span class='ocrx_word' id='word_1_208' title='bbox 610 1052 714 1074; x_wconf 82' lang='lat' dir='ltr'>brevitate</span> <span class='ocrx_word' id='word_1_209' title='bbox 728 1058 822 1081; x_wconf 87' lang='lat' dir='ltr'>pressum</span> 
     </span>
     <span class='ocr_line' id='line_1_28' title="bbox 98 1084 826 1123; baseline 0.001 -17"><span class='ocrx_word' id='word_1_210' title='bbox 98 1092 142 1106; x_wconf 89' lang='lat' dir='ltr'>non</span> <span class='ocrx_word' id='word_1_211' title='bbox 156 1086 249 1114; x_wconf 76' lang='lat' dir='ltr'>potuisse</span> <span class='ocrx_word' id='word_1_212' title='bbox 263 1093 336 1107; x_wconf 77' lang='lat' dir='ltr'>omnes</span> <span class='ocrx_word' id='word_1_213' title='bbox 341 1085 471 1121; x_wconf 74' lang='lat' dir='ltr'>argumenti</span> <span class='ocrx_word' id='word_1_214' title='bbox 483 1085 520 1123; x_wconf 81' lang='grc' dir='ltr'>ι3ιιὶ</span> <span class='ocrx_word' id='word_1_215' title='bbox 536 1090 606 1113; x_wconf 78' lang='lat' dir='ltr'>partes</span> <span class='ocrx_word' id='word_1_216' title='bbox 621 1084 759 1115; x_wconf 71' lang='lat' dir='ltr'>aequabiliter</span> <span class='ocrx_word' id='word_1_217' title='bbox 775 1089 826 1117; x_wconf 58' lang='lat' dir='ltr'>per-s</span> 
     </span>
     <span class='ocr_line' id='line_1_29' title="bbox 99 1123 200 1140; baseline 0.011 -2"><span class='ocrx_word' id='word_1_218' title='bbox 99 1123 200 1140; x_wconf 75' lang='lat' dir='ltr'>tractare.</span> 
     </span>
    </p>
   </div>
   <div class='ocr_carea' id='block_1_4' title="bbox 713 1147 735 1168">
    <p class='ocr_par' dir='ltr' id='par_1_4' title="bbox 713 1147 735 1168">
     <span class='ocr_line' id='line_1_30' title="bbox 713 1147 735 1168; baseline 0 -13"><span class='ocrx_word' id='word_1_219' title='bbox 713 1147 735 1168; x_wconf 66' lang='grc'>3.</span> 
     </span>
    </p>
   </div>
  </div>
 </body>
</html>
