1108 1488
280 181 295 201 6
535 179 561 200 Α.
576 179 623 200 Vm
638 179 736 200 Somnum

309 228 495 258 Quemadmodum
508 228 671 256 Physiognomia
684 229 707 249 in
719 228 807 249 sanitate
821 229 913 257 eorporis
926 229 1002 251 indicia

281 264 359 292 quaevis
370 261 519 289 notnt‚docet,
532 261 631 290 explicat,
640 268 769 290 quamquam
780 260 903 282 eorumdem
915 269 1002 291 compo-

281 297 378 317 sitionem
392 299 447 316 recte
462 294 578 315 discernere
592 293 704 314 hominum
717 301 770 321 saepe
783 299 876 315 mentem
889 295 1003 324 oculosque

282 329 361 356 fugiat:
376 328 405 348 sic
419 327 529 348 Semiotica
544 325 626 353 singula
639 326 762 347 morborum
775 325 851 348 indicia
866 334 1003 355 cognoscere,

282 361 408 388 discernere,
424 359 539 388 ponderare
552 358 620 380 docet.

309 412 357 433 Jam
371 411 481 432 Semiotica
497 410 546 437 illa,
560 409 586 431 de
602 417 643 440 qua
656 410 777 439 loquimur,
790 417 855 439 quam
868 418 927 439 saepe
940 411 965 432 fit
978 416 1004 432 ut

281 453 319 466 nos
334 445 361 466 ad
376 444 502 473 aegrotantis
517 444 597 465 lectum
612 451 697 472 prorsus
713 443 813 465 destituat
828 451 852 465 ac
868 444 948 465 deserat
958 460 964 472 ,
980 439 1004 465 ut

281 477 358 498 indicia
370 478 414 506 ipsa
427 485 518 506 quorum
531 476 567 497 illa
577 477 718 504 cognitionem
728 475 803 504 tradit,
813 477 846 497 vel
856 478 1004 505 peritissimum

281 516 302 532 et
322 510 456 531 observandis
472 511 560 537 aegrotis
576 510 769 531 exercitatissimum
785 509 894 530 Medicum
909 518 1004 539 saepeuu-

283 551 340 564 mero
363 542 508 570 confundant,
525 548 550 563 ut
574 541 632 563 aliud
653 542 679 563 ab
701 542 752 567 alio*
763 541 893 563 disturbetur
911 548 932 563 et
950 543 1005 564 illud

283 577 343 605 quasi
355 581 460 597 certamen
474 580 510 596 aut
522 575 663 596 controversia
676 574 770 606 Medicus
781 574 868 596 inducat
879 575 906 596 ad
915 576 1006 604 praescri-

282 607 347 641 lyendi
360 607 476 637 agendique
488 608 590 629 rationem
601 607 641 628 sibi
653 608 742 628 invicem
755 607 816 636 plane
829 609 961 630 contrariam.

292 667 303 674 ‘⁴
312 662 378 690 Quod
384 663 401 683 si
410 663 447 691 qui
456 667 527 683 tamen
535 669 585 683 cum
592 661 666 683 idonea
675 663 725 683 artis
735 661 829 683 Medicae'
838 663 923 684 scientia
932 661 1006 691 judicii

283 696 421 717 subtilitatem
427 701 447 716 et
452 693 576 716 observandi
580 695 748 716 exercitationem
755 703 859 724 usumque
866 696 1007 723 conjunxerit,

284 728 530 757 is,inqua1·u,Semioticae
536 728 643 756 praeceptis
650 727 735 756 adjutus
741 736 817 756 magna
823 728 900 750 valebit
908 728 1008 750 facultate

283 760 341 782 sedes
348 766 369 781 et
376 767 446 781 causas
455 760 579 781 morborum
588 760 726 788 investigandi
733 766 754 782 et
761 760 901 788 discernendi,
910 760 937 782 ad
947 762 1008 789 cujus

284 793 389 814 facultatis
405 792 512 821 fastigium
524 793 541 813 is
555 793 660 814 accessisse
675 793 759 815 videtur
774 794 824 822 qui,
839 798 914 822 praeter
930 799 1008 814 ceteras

284 826 335 847 boni
349 825 427 847 Medici
440 831 494 847 artes
502 841 508 853 ,
523 831 581 846 tanta
595 831 650 847 recte
662 825 770 854 judicandi
783 831 804 846 et
817 825 921 847 celeritate
934 831 956 847 et
968 825 1006 846 fir-

284 859 357 879 mitate
369 858 456 878 excellat
469 863 506 885 ut,
519 857 582 878 nullis
595 856 702 885 cogitandi
711 857 882 887 deliberandique
891 858 1009 879 rationibus

285 899 345 918 usus,
358 892 429 912 statim
439 890 509 911 videat
522 896 543 912 et
556 892 631 911 sentiat
644 892 707 912 etiam
719 896 743 912 ut
756 899 799 912 sese
810 899 842 912 res
852 891 939 919 haheat,
948 899 1008 921 aeque

285 930 308 944 ac
315 923 394 950 rerum,
402 922 520 953 quse-oculis
527 928 654 951 spectantur,
660 923 840 951 pulchritudinem
846 931 870 945 ac
876 929 1008 945 venustatem

285 963 328 977 uno
342 955 441 984 adspectu
454 956 580 985 percipimus
591 956 639 977 :vel
652 956 831 985 quemadmodum
844 957 902 978 omni
914 957 1009 978 humano

286 989 356 1016 generi
377 993 452 1018 natura
467 987 571 1016 ejusmodi
589 988 712 1010 instinctum
729 990 858 1017 ingeneravit
879 994 902 1010 ut
919 997 931 1009 a
947 989 1010 1011 malis

285 1021 343 1049 prius
356 1021 495 1048 refugiamus,
508 1028 572 1050 quam
585 1022 622 1050 qui
637 1020 718 1043 dolores
734 1021 782 1043 inde
795 1023 936 1049 exorirentur,
949 1023 1009 1050 cogi-

286 1054 412 1081 taverimus,
425 1053 453 1074 sic
470 1054 493 1075 in
509 1053 591 1075 Medica
606 1059 650 1075 arte
665 1053 778 1078 exercenda
793 1055 809 1075 si
822 1055 860 1084 qui
872 1055 935 1076 simili
947 1063 1011 1076 sensu

286 1085 372 1113 abdito,
386 1091 430 1107 tam
443 1085 504 1108 celeri
519 1091 562 1107 tam
575 1087 710 1116 extemporali
723 1088 836 1108 instructus
849 1088 976 1116 reperiatur,
991 1088 1010 1109 is

287 1118 373 1140 demum
383 1119 432 1140 artis
443 1118 506 1146 hujus
515 1120 610 1148 princeps
620 1127 663 1140 esse
672 1125 821 1148 cognoscetur,
830 1119 865 1141 hic
874 1120 930 1142 enim
940 1125 1009 1143 totam
