1108 1488
268 182 296 203 26
542 180 568 212 A
583 179 632 202 Vm
646 180 746 201 Somne-m

267 234 370 255 tationem
385 232 455 254 morbi
470 230 589 253 secundm-ii
604 239 648 253 non
663 232 745 260 solum,
758 231 796 253 sed
809 232 897 254 omnino
908 239 999 261 organo-

266 274 315 288 rum
331 265 433 287 resolutio
449 264 557 286 interdu-m
572 270 708 294 sequuntur:
720 265 771 286 hinc
788 264 946 294 hypertropliioe
961 273 1000 294 per

267 298 357 321 nimium
368 296 452 319 fihrinae
460 296 571 318 adfluxum
581 302 603 318 et
611 296 783 325 hepatisationes,
794 298 945 326 anemismata,
957 297 998 319 hae-

266 330 397 353 morrhoides
412 335 434 351 et
449 330 538 358 varices,
550 329 760 359 pseudomembranae
774 336 796 352 et
810 331 877 352 kistae
891 338 928 359 per
940 338 999 352 exsu-

266 363 387 391 dationem,
400 362 519 391 anthraces,
532 363 633 385 carbones
642 368 663 384 et
673 363 771 392 pustulne
783 363 947 391 malignae3inde
960 363 999 385 hu-

265 404 351 419 morum
364 396 517 423 resolutiones,
529 395 639 417 cachaxiae
651 401 672 417 et
685 396 796 417 effusiones
809 396 946 425 lympharum
959 404 998 418 an-

266 429 385 451 omolarum
397 444 403 456 ,
424 436 471 458 quae
491 436 531 457 pro
549 429 650 450 varietate
667 434 807 450 contextum
826 429 958 451 irritatorum
977 435 999 451 et

265 469 305 491 pro
319 462 377 483 vario
390 461 563 483 inflammationis
575 461 640 490 ipsius
653 461 721 489 gradu
733 467 844 490 tantopere
855 461 941 483 diversae
954 469 998 484 esse

265 494 372 516 videntur.
382 493 469 515 Etenim
479 494 501 514 in
512 500 562 514 sano
576 494 670 523 corporis
680 499 738 515 statu
750 501 799 515 cum
812 494 912 516 humores
925 495 999 516 secreti

265 526 364 548 differant
371 527 453 549 ratione
459 526 607 554 instrumenti,
620 534 663 556 quo
673 532 728 550 ‚sunt
740 526 843 555 confecti,
856 528 944 549 minime
957 528 997 549 mi-

265 560 358 583 randum
369 565 401 581 eat
413 559 473 590 quod
484 560 507 583 in
519 560 598 582 morbis
610 560 668 581 succi
681 561 743 582 ‚effusi
755 560 789 582 vel
802 560 930 582 accumulati
943 561 999 582 inter

266 601 287 616 se
300 593 419 622 discrepent
432 601 471 622 pro
484 593 542 616 varia
553 593 698 616 membrorum
708 593 890 615 inflammator-um
900 599 983 615 textura
992 603 997 616 :

265 633 290 649 ut
312 633 395 649 textura
414 627 514 649 cellulosa
535 627 621 648 effertur
641 635 681 656 pus
700 633 721 649 et
737 627 811 649 eadem
830 628 915 656 penitus
934 627 997 655 adul-

265 666 334 682 cerata
352 660 460 681 lardaceae
475 660 631 688 concretiones,
647 666 668 681 et
681 661 736 682 circa
751 660 850 682 articulos
866 660 927 689 tophi
941 668 999 682 euas-

265 699 353 721 cuntur,
366 700 420 723 quae
436 692 609 721 degenerationes
619 692 706 714 diversae
718 699 769 719 §unt
784 701 823 722 pro
837 692 925 715 diversis
937 701 997 715 com-

265 726 435 754 mutationibus,
448 734 500 756 quas
516 726 616 748 albumen
631 731 653 748 et
666 726 757 755 gentina
773 726 897 755 subierunt,
911 726 998 756 quaudo

265 760 373 788 sanguinis
388 767 459 781 serum
476 765 507 781 est
520 759 654 781 resolutum:
668 759 710 781 huc
723 759 815 789 donique
830 760 904 781 referri
919 759 999 781 debent

265 801 338 814 omnes
351 792 499 822 ecchymosoe,
512 792 665 822 ulcerationeS,
680 798 812 822 postremum
825 793 936 815 exstinctio
949 800 1000 814 con-

265 831 335 847 textus
348 825 398 847 laesi.

294 891 350 918 Quoe
362 890 445 911 sinistra
458 890 604 919 phaenomena
619 897 669 911 cum
679 889 786 919 pendeant
801 891 828 912 ab
841 890 935 919 impetu,
945 898 997 920 pro-

266 931 348 952 gressu,
360 923 493 945 vehementia
506 923 587 951 morbi,
596 930 685 951 magnus
697 930 746 944 sane
757 930 780 944 ac
791 923 841 945 felix
850 923 998 952 praedicandus

266 962 297 978 est
311 956 418 984 Medicus,
431 957 468 986 qui
481 964 505 978 ea
518 956 590 978 abdita
603 963 675 977 sensus
691 956 791 978 facultate
804 957 882 985 valeat,
896 962 920 978 ut
934 964 997 985 aegro

267 989 358 1011 cubante
375 989 474 1018 adspecto
488 989 558 1011 morbi
573 994 671 1013 naturam
684 994 706 1010 et
719 990 823 1010 rationem
835 990 937 1011 continuo
950 997 997 1018 per-

267 1023 369 1051 spexerit,
385 1028 449 1052 atque
462 1022 514 1044 adeo
530 1029 595 1051 quam
613 1022 702 1044 cusandi
721 1023 777 1044 viam
791 1022 874 1050 ingredi
885 1027 998 1051 oporteat,

267 1056 346 1085 absque
356 1057 416 1077 omni
426 1055 539 1077 dubitandi
550 1054 724 1085 deliberandique
734 1063 792 1077 mora
803 1055 909 1077 decernat.
920 1056 999 1085 Sequa-

267 1097 315 1110 mur
328 1097 377 1111 eum
389 1090 553 1118 cogitationibus
565 1090 642 1111 nostris
654 1089 682 1110 ad
694 1089 774 1111 lectum
787 1090 924 1118 aegrotantis,
938 1088 998 1110 videt

267 1122 297 1144 ibi
307 1122 382 1144 faciem
391 1124 494 1145 nitentem
503 1130 542 1144 ceu
548 1130 641 1152 ceream,
650 1128 763 1144 trementes
769 1122 877 1144 musculos
886 1127 998 1150 cutaneOS,
