1108 1488
441 165 526 186 Oxum.
826 174 838 188 2
843 175 851 188 1

124 215 284 246 quodammodo
295 223 383 245 sonora,
395 217 519 245 euphoriam
532 217 651 245 indicante⁷
663 216 791 246 pulmonum
801 225 855 240 reso-

125 250 227 270 lutionem
239 248 310 270 adesse
321 248 388 270 laetus
400 250 504 271 observat.

151 310 196 331 Hac
205 315 277 331 autem
290 310 390 332 facultate
401 318 487 332 omnem
496 311 621 333 morborum
633 312 735 333 rationem
744 312 853 338 habitum-

124 352 163 374 que
172 344 279 365 celerrime
287 344 391 366 sentiendi
396 350 443 366 tum
451 352 501 366 cum
509 345 599 366 maxime
606 345 691 366 Medico
697 353 750 375 opus
758 351 799 374 est,
805 353 855 367 cum

124 377 241 406 periculum
249 382 311 405 urget
319 384 427 399 summum
436 383 458 399 et
468 378 662 407 praesentissimum,
673 378 855 409 quemadmodum

122 409 176 431 illud
190 409 309 431 incredibili
323 410 429 431 celeritate
442 411 548 438 exoritur⁷
563 410 649 440 quando
663 411 753 432 irritatio
768 419 854 433 accensa

121 445 148 465 ait
159 444 304 466 miasmatibus
311 444 349 468 fiel
360 444 486 466 xenodochii
498 445 531 466 vel
543 452 650 466 carcerum
661 445 695 467 vel
706 443 775 473 strage
789 445 852 466 cada-

121 485 196 499 verum
210 478 232 498 in
245 478 289 499 acie
303 485 411 499 caesorum
425 478 459 500 vel
473 479 658 507 evaporationibus
670 479 820 507 vegetabilium
832 483 854 499 et

120 510 244 531 animalium
254 510 423 541 putrefactorum
435 510 469 532 vel
480 510 612 532 exhalatione
626 516 686 533 terrae
701 511 800 541 humilis,
812 510 854 531 hn—

121 542 182 564 midae
189 559 195 571 ,
210 542 316 571 palustris.
331 543 356 564 In
368 542 400 564 his
411 544 469 564 enim
480 543 562 564 casibus
575 543 673 571 Medico,
684 543 719 565 vix
731 548 768 564 aut
780 551 806 564 ne
817 544 854 564 vix

121 574 206 604 quidem
219 575 288 595 ullum
297 580 391 603 superest
399 580 483 603 tempus
492 574 519 596 ad
527 575 650 596 irritationis
658 576 702 597 vim
709 576 852 607 comprimen-

120 607 169 629 dam
180 608 215 628 vel
227 608 334 635 sanguinis
345 608 444 629 missione
455 607 489 629 vel
500 608 608 629 revulsivis
615 624 622 637 ι
633 605 808 638 quandoquidem
817 615 852 629 re-

120 641 198 662 solutio
213 645 352 661 contextuum
367 645 388 661 et
406 640 510 661 exhalatio
525 640 629 669 putridae,
644 648 692 670 quae
706 640 756 662 inde
771 642 851 669 oritur,

121 673 261 702 corruptionis
277 673 349 701 paucis
362 672 419 694 horis
434 673 522 701 incipit:
536 678 668 702 quapropter
683 673 771 694 simulac
786 673 851 702 phlo-

121 713 177 734 goses
191 713 241 727 cum
253 705 359 733 febribus,
373 713 425 735 quas
435 705 480 726 lues
495 705 531 726 illa
542 713 614 734 parere
625 705 691 734 solet,
703 706 852 735 apparuerint,

120 738 225 767 extemplo
240 738 386 764 imminentem
401 739 494 766 eorporis
508 739 618 769 interitum
635 746 711 767 magna
729 739 851 760 tonicorum
880 738 883 742 ’

121 771 284 793 medicaminum
297 771 328 798 vi,
341 776 446 800 quantum
463 770 508 792 fieri
524 776 607 799 potest7
625 778 694 792 arcere
712 771 785 799 debet,
802 771 852 793 licet

121 811 221 833 magnum
232 804 258 825 sit
269 803 387 832 periculum
399 811 426 824 uc
438 803 527 825 irritatio
539 803 603 825 simul
614 804 722 825 increscat.

148 865 234 893 Quanta
246 870 267 887 et
278 872 343 895 quam
355 864 452 886 salutaris
464 872 487 886 ea
499 864 526 886 sit
537 863 613 886 medici
625 864 723 893 facultas,
735 871 799 894 quam
810 869 850 885 tra·
862 864 865 866 ’

121 904 210 927 ctamus,
217 906 258 928 qua
267 898 300 920 vel
309 904 404 919 exauctas
413 898 446 919 vel
454 898 576 919 imminutas
588 905 702 919 nervorum
710 898 763 919 vires
772 898 850 919 activas

121 930 236 959 discernat,
247 931 281 952 vel
292 930 331 952 hac
343 939 365 952 re
376 930 401 952 fit
413 930 558 958 manifestum,
567 930 625 960 quod
636 930 682 952 fieri
693 935 763 959 potest
774 935 800 950 ut
811 937 848 951 ve-

120 964 274 986 hementissima
282 965 372 986 irritatio
377 966 443 986 vitam
449 972 486 986 seu
494 966 588 993 vigorem
599 965 665 993 partis
676 965 765 992 alicujus
777 964 848 985 inten-

120 997 186 1026 derit,
200 1005 250 1019 cum
266 997 322 1019 idem
335 998 357 1019 in
372 998 412 1019 alia
428 1003 487 1026 parte
499 998 543 1026 jam
558 998 585 1018 sit
599 998 703 1019 extinctus
721 997 849 1025 collapsione

119 1038 184 1059 paene
194 1031 299 1059 universaq
309 1036 356 1052 tum
365 1031 464 1058 maxime,
474 1029 533 1060 quod
542 1030 600 1051 haud
607 1038 654 1051 raro
664 1029 782 1057 accidit,ut
791 1028 848 1050 exal-

119 1064 172 1084 tatio
183 1063 220 1085 illa
231 1069 252 1085 et
263 1064 368 1093 depressio
379 1071 492 1085 nervorum
504 1070 548 1084 uno
561 1068 654 1091 tempore
666 1063 766 1084 exsistant
778 1069 784 1083 z
796 1069 848 1082 con-

119 1097 222 1120 vulsiones
237 1105 297 1127 quae,
311 1097 410 1119 exhausta
422 1103 475 1126 saepe
489 1096 589 1118 facultate
599 1103 685 1118 nervosa
697 1096 761 1124 partis
770 1095 848 1116 affecta
