1108 1488
407 170 492 193 Ona-no.
802 172 817 194 5

95 223 223 252 propositam
238 222 340 244 videmus.
359 223 385 244 In
401 223 460 245 omni
475 230 545 244 rerum
561 228 636 244 natura
654 223 708 244 nihil
725 223 818 252 pulcrius

95 261 149 279 uerte
163 256 271 277 invenitur
285 263 349 284 quam
359 255 463 283 hominis,
475 256 565 277 maxime
576 255 670 277 mulieris
682 256 757 277 forma.
770 257 818 278 Jam

96 288 170 310 lurum
179 289 280 316 imagines
292 288 337 310 aliae
346 288 406 310 aliter
414 296 453 310 nos
461 289 561 310 afficiunt.
575 289 648 310 Venus
659 289 695 310 illa
705 289 818 311 libidinosa

96 321 168 343 brutos
185 321 279 349 corporis
295 328 366 342 sensus
382 322 470 349 excitat,
487 328 536 342 cum
552 327 619 342 mater
638 322 740 343 infantem
756 329 818 343 suum

96 359 190 382 spectans
205 354 267 375 vultu
283 359 355 375 venero
369 355 432 375 simul
446 359 468 375 et
482 355 584 382 flagrante
599 355 701 383 lacrymas
716 355 776 376 nobis
794 363 818 377 ex

97 387 161 408 oculis
177 387 240 408 elicit.
254 387 329 408 Gravis
342 393 405 416 atque
416 395 485 409 severa
500 388 595 408 Minerva
607 388 762 409 venerationem
774 389 819 418 qui-

98 419 143 441 (lem
152 421 199 448 jure
208 427 246 440 suo
255 420 358 448 postulat,
368 420 404 441 sed
413 421 482 448 imago
489 420 559 441 mollis
566 428 589 441 ac
596 426 676 449 tenera,
683 422 743 449 cujus
750 422 818 449 arguti

98 452 152 473 oculi
171 452 260 473 leniores
277 453 379 473 mansueti
399 453 463 473 animi
479 454 567 474 virtutes
585 461 634 474 cum
652 453 727 474 robore
743 454 819 475 mentis

96 485 219 513 conjunctas
229 484 361 512 significant,
374 484 418 506 haec
431 485 466 506 illa
479 491 522 513 est,
536 493 583 515 quae
598 486 674 507 amoris
686 493 711 507 ac
723 485 820 507 desiderii

99 517 151 538 faces
162 518 184 538 in
197 517 272 538 animis
287 516 393 538 accendat.

123 582 207 611 Corpus
215 587 286 603 autem
296 582 414 603 humanum
425 583 551 604 instructum
558 587 589 603 est
598 590 673 611 magna
682 582 819 611 multitudine

98 623 224 643 organorum
234 620 298 644 atque
310 616 457 643 contemnum,
469 615 506 644 qui
516 615 593 643 singuli
606 623 644 636 suo
657 614 722 636 modo
734 616 818 643 vivunt⁷

98 655 187 677 quorum
200 648 357 676 operationibus
367 653 512 677 concentuque
521 647 621 675 normali,
633 653 657 668 ut
670 647 758 676 dicitur,
771 656 817 669 om-

99 681 128 701 nis
136 681 185 702 vitae
194 687 277 701 summa
286 681 416 708 continetur3
425 681 496 710 itaque
505 686 614 701 contextus
621 680 653 701 illi
661 687 722 701 suam
731 681 819 710 quisque

99 714 137 734 vim
147 712 227 734 habent
237 713 259 733 in
268 713 309 733 oris
319 713 432 742 vultusque
437 713 544 741 habitum,
550 712 607 734 unde
614 712 659 734 fieri
666 720 747 734 necesse
753 718 784 733 est
795 718 819 733 ut

97 745 272 766 lineamentorum
286 746 410 773 composnio
421 745 493 767 multis
503 745 571 768 modis
580 746 608 766 ita
618 746 732 767 commixta
740 746 779 773 sit⁷
790 746 821 775 ita·

96 779 201 807 perplexa,
215 778 268 807 quin
281 779 353 806 etiam,
368 783 391 799 ut
402 784 485 800 nostrae
496 778 582 807 quidem
592 778 714 800 mortalium
726 778 777 799 aciei
787 778 819 799 vi-

96 810 157 831 detur
169 811 199 831 ita
211 810 346 838 perturbata,
357 815 381 831 ut
394 817 468 831 eorum
484 810 649 838 implicationem
660 810 772 831 oculor-um
787 809 819 830 vel

95 842 167 870 judicii
183 843 280 865 acumine
298 842 413 866 discernere
429 847 450 864 et
464 843 564 864 extricare
582 850 626 864 non
641 843 751 871 possimus.
765 842 819 869 Quae

94 883 141 897 cum
155 876 186 897 ita
199 876 241 897 sint
254 876 276 896 in
289 876 377 896 sanitate
390 876 495 904 corporis,
509 883 573 905 quam
585 875 712 906 multiplices
726 875 819 896 censebi-

94 915 140 929 mus
150 915 195 929 esse
204 907 356 936 implicationes
365 907 423 935 istas,
431 913 495 937 atque
503 907 556 929 adeo
565 907 744 937 perturbationes,
751 914 819 936 quan-

94 940 216 970 documque
228 945 338 961 contextus
350 940 381 961 illi
391 940 433 961 sint
442 940 535 961 morbosi
548 945 611 969 atque
620 940 713 968 corporis
723 939 819 962 habitum

93 974 222 1003 vultumque
235 975 315 996 ratione
328 974 405 1003 pariter
418 974 514 996 abnormi
527 973 633 995 afficiant?
646 973 696 1001 Quo
710 973 775 1000 magis
788 978 819 994 est

92 1006 152 1036 quod
162 1007 265 1027 miremur
275 1007 429 1028 observationes
441 1007 486 1035 ejus
497 1006 577 1034 generis
588 1005 771 1035 perturbationum
784 1010 816 1025 ta-

93 1046 141 1060 men
152 1047 164 1059 a
175 1039 239 1067 periti
248 1039 297 1060 viris
306 1039 328 1060 in
340 1039 428 1061 sormam
442 1038 561 1067 doctrinae,
572 1045 636 1069 quam
646 1038 780 1061 Semioticam
788 1036 820 1066 di->

92 1072 161 1093 cimus
169 1087 176 1101 ²
189 1079 233 1093 esse
247 1070 361 1094 conclusas.
