1108 1488
242 174 269 196 38
514 175 539 196 A.
555 175 603 197 Vm
617 175 716 197 Summanu

241 229 335 256 lacessit,
354 236 400 258 quze
414 236 426 249 a
441 228 526 250 Medico
540 234 614 250 nostro
628 226 701 250 statim
719 225 874 257 dignoscuntur
887 233 908 249 et
922 230 967 257 prii

241 269 301 282 mum
317 267 425 290 torporem
442 262 555 289 leviorem,
570 269 619 282 mox
634 267 706 283 autem
722 267 831 290 stuporem
845 262 967 283 universum

241 294 371 323 celeremque
379 294 428 315 vitae
436 294 546 315 interitum
559 294 651 322 pariunt.

269 353 400 374 Arteriarum
416 353 503 382 pulsus,
515 353 611 382 quamvis
630 352 704 381 fallax,
718 358 789 374 tamen
805 361 844 382 pro
858 354 967 375 communi

240 386 331 408 habetur
345 386 426 415 indice,
439 395 483 416 quo
497 392 518 408 et
531 388 596 417 totius
610 387 680 409 morbi
695 393 716 408 et
731 388 835 416 praecipue
847 388 965 416 inflamma-

240 419 304 440 tionis
322 419 423 441 violentia
439 417 587 441 denuncietur.
606 420 659 448 Ejus
671 420 738 447 igitui-
751 416 828 448 varios,
847 420 966 442 subtiliores

240 452 427 481 cognitionemque
438 451 529 473 aliorum
540 451 636 473 fallentes
651 452 727 473 modos
739 460 793 474 unus
805 454 906 481 persentit
918 453 965 474 Me-

240 484 312 512 dicus,
326 491 389 513 quem
399 484 491 505 diximus
506 492 551 505 uno
564 492 635 506 sensus
647 485 691 506 ictu
705 490 726 506 et
738 492 823 506 omnem
838 493 908 506 rerum
922 488 965 515 staff

238 522 287 538 tum
301 518 407 546 percipere
420 522 442 538 et
457 515 484 538 ad
498 517 585 538 intimos
597 525 687 539 recessus
700 523 815 546 penetrare.
828 518 906 539 Plenus
916 518 964 547 pul-

239 558 274 571 sus
286 555 307 572 et
315 550 428 579 paululum
440 550 566 572 acceleratus
577 550 657 572 indicat
667 551 698 572 illi
711 551 882 572 inflammationis
896 558 964 573 acces-

239 584 331 610 sionem3
349 582 416 604 durus
429 590 479 604 vero
493 584 587 613 itemque
601 583 728 605 acceleratus
743 584 787 613 jam
801 585 902 613 incepisse
918 592 965 606 eam

239 621 354 643 monstrat5
366 616 451 637 vibrans
466 615 528 637 docet
544 616 685 644 generosiores
698 622 767 645 partes
781 624 824 643 esse
840 617 909 645 loesas5
927 614 965 638 du—

240 656 275 669 rus
287 656 347 676 vero,
359 649 397 678 qui
409 648 473 669 simul
486 656 563 677 parvus
576 654 607 670 est
619 654 640 670 et
652 648 769 670 admodum
782 649 918 677 acceleratus,
930 649 966 671 dess

240 681 327 702 nunciat
335 681 404 709 prima
415 682 557 710 corruptionis
566 682 671 710 germina3
680 682 737 703 calor
748 681 836 703 mordax
848 681 875 703 ad
884 687 965 704 tactum

236 714 313 742 pulsus
330 714 429 735 morbum
444 714 471 735 ad
485 721 593 735 summum
611 713 701 742 gradum
716 715 834 743 pervenisse
848 714 965 744 siguificat,

239 747 308 770 tenuis
322 752 394 771 autem
408 752 430 768 et
446 746 551 769 filisormis
563 748 643 776 justam
657 748 732 769 mortis
751 746 891 777 adventantis*
900 750 966 778 suspi-

239 780 323 801 cionem
334 785 413 802 movet.
426 780 508 801 Verum
521 785 593 802 tamen
603 779 680 802 indicia
690 779 727 802 illa
737 779 799 802 valde
807 786 858 802 sunt
870 781 964 803 fallacia:

238 821 353 835 nervorum
367 814 423 835 enim
436 814 569 842 perturbatio
584 814 607 835 in
623 821 686 835 cursu
699 813 826 841 humorum,
838 813 928 843 ideoque
942 815 963 836 in

238 846 303 875 pulsu
318 847 381 867 etiam
394 847 529 874 arteriarum,
544 847 611 867 varias
626 846 719 867 concitat
731 845 903 875 inaequalitates,
917 854 964 876 quae

238 880 273 900 vix
287 883 324 899 aut
336 886 362 899 ne
374 879 409 899 vix
420 877 682 907 quidem-dignoscuntur,
695 878 735 899 nisi
747 878 873 906 sagacissimi
885 879 964 902 Medici

238 912 335 934 acumine
350 911 487 932 subtilissimo
499 918 504 932 ε
517 911 539 932 in
554 910 688 938 chloroficis,
701 910 810 939 hyster-icis
821 917 843 932 et
858 911 964 934 debilibus

239 945 315 973 puellis
327 949 348 965 et
360 943 485 965 mulieribus
496 945 621 965 arteriarum
633 944 668 965 ille
681 944 754 972 pulsus
765 951 910 973 saepenumero
922 945 963 967 du-

239 985 287 1005 rus,
303 977 358 998 celer
373 982 394 998 et
411 977 502 998 renitens
516 982 548 998 est
561 984 566 998 :
580 984 645 1006 quam
658 984 719 1005 saepe
730 977 776 1005 ejus
788 977 963 1007 intermissiones,

239 1017 286 1039 quae
305 1009 360 1030 alias
372 1009 551 1038 periculosissimae
570 1014 591 1030 et
609 1008 686 1030 iudicia
704 1008 810 1030 hahentur
830 1009 963 1039 collapsiouis

239 1043 350 1070 universae,
359 1050 370 1063 e
379 1050 462 1070 spasmo
471 1047 556 1063 tantum
568 1042 665 1063 arteriam
677 1042 821 1070 supprimente
830 1049 947 1065 nascuntur
956 1045 961 1065 l

238 1074 275 1096 sed
286 1073 344 1104 quod
357 1079 388 1095 est
401 1074 497 1096 omnium
514 1074 725 1103 periculosissimum,
736 1081 800 1103 quam
815 1081 875 1103 saepe
889 1076 963 1104 pulsus

239 1114 270 1130 est
282 1109 369 1130 omnino
382 1108 452 1129 mollis
465 1113 486 1129 et
499 1108 581 1136 tenuis,
593 1107 728 1137 digitumque
740 1108 853 1136 effugiens,
866 1111 963 1138 ‹plamvis
