1108 1488
434 167 519 189 Onu-10.
560 170 562 174 ⁴
820 173 846 198 '27

117 222 214 244 habitum
225 221 323 243 cubantis
335 221 448 250 supinum,
460 221 515 243 collo
529 221 810 250 contracto3·animadvertit
820 224 849 245 la-

117 262 199 284 crymas
209 254 270 275 nulla
282 261 345 275 causa
356 256 477 282 maumites,
488 255 555 275 cernit
567 254 626 276 labra
639 254 733 276 colorem
748 255 848 277 habentia

116 296 141 309 ex
155 288 223 309 rubro
238 287 354 315 subnigra,
370 287 467 315 linguam
481 292 553 308 autem
574 286 669 315 aridam,
686 288 781 309 scabram
799 296 848 310 cum

117 321 247 349 marginibus
257 320 416 341 rubentia->ribus
427 320 549 349 netulisque
558 320 628 342 rubris
639 321 795 350 interspersam5
805 323 848 350 jam

117 356 187 375 statim
204 352 352 375 vehementem
370 352 560 374 inflammationem
572 353 651 375 instare
664 353 767 382 praevidet
781 362 787 375 :
800 362 849 376 ocu-

101 407 105 410 ,
117 387 147 408 los
158 390 337 413 extumesceutes‚
350 385 488 415 linguamque
500 386 641 415 palpitantem
654 392 675 407 et
691 386 801 408 humidam
812 388 849 409 ob-

117 425 196 447 servet,
212 427 262 440 mox
278 419 410 448 apoplexiam
427 424 448 440 et
463 419 571 448 paralysin
585 420 696 441 imminere
710 421 828 449 suspicatur
843 429 848 442 :

118 453 177 474 tussis
190 459 241 473 vero
254 452 340 473 sibilans
350 459 400 473 cnm
411 452 480 473 verbis
489 452 587 473 mussatis
595 458 617 473 et
626 453 750 482 interruptis
756 458 778 474 et
787 454 848 481 nigro

117 484 233 506 sedimento
249 485 322 505 urinae
337 484 438 505 morbum
453 484 485 505 illi
499 484 584 506 letalem
596 486 734 513 praeuunciat.
751 485 811 507 Idem
824 495 849 508 ex

117 517 192 539 sudore
205 522 333 546 praematuro
345 517 457 546 caloreque
470 518 547 546 majori
559 518 581 538 in
593 518 662 539 morbi
675 518 790 547 principio,
802 520 850 540 sini-

118 556 158 572 stra
171 558 268 580 quaeque
282 550 423 578 augurabitur
433 557 438 571 :
450 556 524 571 contra
536 556 607 572 autem
620 551 709 572 maculae
722 551 849 580 peteehiales

117 589 138 605 et
150 583 258 611 sanguinis
274 583 379 612 profluvia
393 590 418 604 ex
434 583 501 604 solitis
513 583 613 611 officinis,
626 591 674 613 quae
686 584 763 605 morbo
776 585 848 613 ingra-

114 621 211 644 ,vescente
221 621 271 637 sunt
280 615 407 644 periculosa,
417 623 474 637 nunc
483 615 597 644 incipiente
608 623 696 644 parvam
703 616 794 638 timendi
801 625 849 639 cau-
873 641 876 643 ,

117 657 161 671 sam
170 649 248 670 babere
257 647 367 676 videntur,
378 647 553 678 quandoquidem
562 648 672 670 illa-initio
681 649 768 679 quidem
778 651 849 673 morbi

117 691 140 704 ex
147 682 314 704 inflammatione
318 697 324 709 ,
329 689 373 702 non
378 688 428 702 vero
435 689 460 702 ex
465 682 602 710 corruptione
609 682 712 703 exsistunt
720 689 725 703 :
733 682 778 704 haec
783 684 848 704 etiam

117 715 185 737 morbi
197 720 304 743 tempore,
317 713 376 743 quod
389 713 493 742 diximus,
508 715 564 735 inter
578 714 634 736 bona
650 715 708 743 signa
726 721 777 737 sunt
792 716 846 737 refe-

118 747 187 770 reuda.
205 749 230 769 In
249 747 322 776 primis
341 752 412 768 autem
432 746 511 768 Medici
527 748 595 769 nostri
611 756 682 769 sensus
700 755 848 771 commovetur

117 781 231 810 euphoria,
240 788 282 811 qua
296 781 352 809 aegri
364 780 449 801 habitus
462 781 533 802 statim
545 786 594 809 post
604 789 650 802 rem
661 781 754 811 aliquam
767 787 848 810 gestam

117 815 233 842 graviorem
244 813 339 835 adfectus
352 818 393 841 est,
405 812 492 842 quando
507 813 597 834 irritatio
610 814 633 834 in
646 819 716 842 partes
729 814 799 835 minus
814 822 848 842 ge-

118 854 199 868 nerosas
214 854 252 876 per
264 847 386 868 metastasin
399 851 430 867 est
446 846 561 874 translata,
574 854 639 876 quam
652 847 715 868 crisin
730 845 783 868 dixit
796 847 848 876 Hip-

117 885 217 909 pocrates.
236 879 361 901 Diarrboeas
378 887 464 909 quoque
482 886 531 900 cum
550 879 653 901 levamine
672 885 694 901 et
712 879 788 901 febrim
799 886 848 909 post

117 916 246 944 apoplexiam
256 915 331 936 lubens
340 915 436 936 exsistere
446 914 510 936 videt.
521 914 588 942 Quod
600 915 617 936 si
626 920 697 936 autem
707 915 847 936 irritationem

117 956 162 969 eam
174 955 217 970 non
229 953 274 969 tam
287 945 404 975 metas-tasi,
414 954 478 977 quam
488 948 571 976 impetu
583 947 740 969 vehementiore
754 948 776 969 in
791 955 847 968 com-

116 981 185 1009 plum
198 987 292 1002 texturas
305 981 369 1002 simul
381 981 425 1002 vim
436 981 552 1002 exercuisse
568 981 674 1008 observet,
689 986 713 1002 ut
729 982 750 1002 in
769 980 847 1002 Scarla-

117 1014 160 1035 tina
179 1014 266 1043 aliisque
282 1013 438 1042 eruptionibus5
457 1013 570 1042 phlogosin
586 1013 733 1035 vehementem
752 1013 822 1035 adesse
835 1021 846 1035 e

116 1047 203 1074 vestigio
216 1046 322 1074 intelligit.
335 1046 428 1067 Maxime
440 1053 490 1067 vero
503 1046 600 1067 omnium
613 1051 711 1067 movetur
724 1046 799 1075 spiritu
811 1054 845 1067 ae-

115 1080 228 1107 grotantis,
240 1080 277 1109 qui
289 1079 415 1100 certissimus
428 1084 459 1100 est
471 1078 533 1100 index
542 1079 696 1101 vehementiam
708 1080 777 1101 morbi
788 1087 847 1100 mon-

114 1117 194 1140 strans,
206 1113 308 1142 quoniam
323 1113 347 1134 iu
365 1112 445 1134 morbis
462 1112 630 1134 inflammatoriis
645 1113 743 1141 exiguus,
758 1112 845 1140 debilis,

761 1147 784 1173 lp*
