1108 1488
258 157 285 178 26
533 157 589 178 Am
604 164 628 178 m·
643 156 711 179 (ΞΒ-[Α

529 216 563 232 nm
572 216 624 232 xxv¹
638 217 712 233 mm.
720 235 722 237 ,

284 261 316 283 Ex
328 261 517 283 Cominendatione
530 260 617 283 Ordinis
629 261 774 290 Medicorum,
788 266 809 283 et
820 260 918 283 omnium
929 269 982 284 con-

254 302 328 322 sensu,
340 294 440 323 Diploma
452 294 510 316 Med.
524 299 544 315 et
560 294 619 316 Chir.
632 294 743 321 Doctoris,
756 295 779 316 in
793 295 871 316 virium
884 295 982 316 omnium

254 327 400 348 doctrinarum
412 334 486 355 genere
498 327 531 348 Cl.
541 326 599 348 JOAN.
611 326 660 348 Can.
672 327 729 348 Fam.
741 327 821 354 Haurr,
832 327 912 348 Philos.
922 327 979 349 Doc-

254 365 322 381 torem
334 364 355 381 et
367 360 389 380 iu
402 358 515 381 Academia
525 358 660 381 Gandavensi
672 358 806 387 Physicaeet
818 359 920 388 Chymiae
932 360 982 381 Pro-

255 392 354 413 fessorem
363 400 388 413 ex
398 397 438 413 art.
447 392 514 413 XXX
521 391 575 413 Cod.
588 391 687 413 Academ.
696 388 788 414 conferri
797 392 883 414 Senatui
893 392 979 425 placuit.

551 448 585 464 DIE
594 448 624 464 XII
633 449 684 464 um.

283 489 389 511 Recitatae
407 495 457 511 sunt
470 490 554 511 Literae
567 489 616 511 Viri
630 490 656 511 E.
671 490 750 512 summi
763 498 834 512 rerum
850 491 981 513 internarum

254 523 277 543 in
285 522 358 549 Regno
368 522 479 548 Praefecti,
487 522 564 551 quibus
571 522 659 543 Senatus
665 523 742 544 certior
751 522 818 544 sactus
827 528 868 549 est,
875 530 980 545 summam

253 554 458 575 administrationem
466 554 630 583 Disciplinarum
638 560 659 576 et
669 555 754 576 Artium
760 555 826 583 Regio
834 555 925 576 Deci-eto
932 563 981 577 cum

253 587 370 608 ministerio
385 587 465 608 Rerum
482 588 616 614 Internarum
629 595 672 609 esse
685 588 835 616 conjunctam,
849 593 913 617 atque
926 588 981 610 Viro

251 620 323 648 Ampl.
330 625 351 641 et
358 619 454 641 Consult.
461 619 488 641 D.
496 620 515 642 J.
522 620 570 642 Vm
576 620 651 642 Ewm
657 619 698 642 hoc
706 619 889 642 Administratoris
898 617 978 642 mu'nus

253 659 296 673 esse
307 651 418 673 confisum.
582 655 584 657 “
598 652 600 656 ’

560 706 627 722 mmm
637 706 675 722 mr..

281 751 321 772 Sex
330 750 391 772 electi
400 755 450 772 sunt
460 749 584 778 Candidati,
593 758 605 779 e
617 750 694 780 quibus
704 750 731 780 ab
742 750 797 779 Aug.
807 750 863 779 Rege
873 756 979 779 sumatur,

252 784 289 812 qui
300 790 356 804 anno
368 784 465 812 proximo
478 783 614 804 Academiam
626 783 653 803 sit
667 788 768 804 recturus.

543 831 577 847 DIE
586 831 624 847 XXI
635 831 690 847 mn.

281 872 414 901 Praelectum
425 877 456 893 est
470 872 560 900 Regium
571 871 751 901 Decretum‚'quo
764 871 841 899 Rector
854 870 979 898 Academiae

253 905 380 934 Magnificus
395 906 417 927 in
434 913 513 927 annm-n
530 906 626 934 proxime
641 911 762 935 sequentem
777 905 927 933 designabatur
938 905 979 927 Vir

252 938 316 960 Cous.
331 938 356 959 F.
369 939 400 959 M.
417 938 528 965 Bmmmr,
542 938 577 959 cui
590 938 667 959 Rector
679 938 752 966 Magn.
764 943 786 959 et
798 945 837 958 suo
849 943 870 959 et
882 938 979 959 omnium

253 971 393 999 Collegarum
399 971 485 992 nomine
494 970 520 992 de
528 970 565 992 illa
574 970 683 998 dignitatis
689 971 805 992 accessione
814 970 931 998 gratulatus
940 975 978 993 est.

559 1023 626 1040 mum
635 1023 673 1050 Duff.

281 1065 376 1093 Rogante
390 1064 472 1086 Ordine
484 1064 661 1094 Philosophorum
676 1070 739 1094 atque
754 1064 854 1086 omnibus
867 1063 894 1085 ad
910 1071 977 1085 unum

252 1098 422 1125 assentientibus,
430 1097 530 1126 Diploma
536 1098 635 1120 Doctoris
642 1097 720 1120 Philus.
725 1096 802 1120 Theor.
811 1102 832 1119 et
839 1097 922 1125 Magist.
930 1096 974 1118 ΛΑ.
