1108 1488
423 181 508 202 Onu-10.
544 193 546 195 .
808 181 836 204 55

107 239 151 254 non
163 237 208 253 tam
219 231 241 253 in
253 230 331 253 scholis
343 230 497 261 discipulorum
506 231 591 261 doctor,
600 234 665 261 quam
673 232 695 253 in
707 237 769 254 coetu
781 233 836 254 ami-

106 272 180 286 corum
192 265 272 286 amicus
283 264 337 286 mihi
351 272 394 286 esse
405 265 493 286 videar?
504 265 562 287 Haec
574 270 645 287 autem
656 273 668 286 a
679 271 749 287 vestro
761 265 799 287 illo
811 266 835 287 in

107 305 142 319 me
154 297 226 319 favore
240 297 336 327 prosecta
352 298 418 319 animi
432 298 542 327 voluptas,
557 306 600 328 qua
613 306 657 320 non
672 298 735 319 aliam
752 299 774 319 iu
791 299 835 320 vim

107 329 161 352 duct·
175 331 291 359 majorem,
305 331 415 359 insigniter
427 332 490 352 etiam
503 336 592 359 augetur
606 331 651 352 aliis
666 332 771 352 virtutum
787 338 834 360 spe-

107 363 232 391 ciminibus,
248 371 302 393 quae
318 369 398 393 quanta
416 371 453 385 vos
468 363 578 392 diligentia
595 369 617 385 et
632 363 707 385 ardore
729 364 834 386 bonarum

106 397 184 418 artium
195 395 266 417 studia
277 396 444 425 amplectamini,
456 396 566 417 manifeste
578 395 692 418 declarant.
708 396 792 425 Pet-gite
803 404 835 418 ea-

106 428 167 457 dem,
181 436 246 458 quam
263 429 351 457 ingressi
367 429 429 457 estis,
449 430 483 450 via
497 428 573 450 studiis
585 429 706 457 invigilare,
718 435 740 450 et
755 434 835 451 vestros

107 461 221 483 industriae
232 466 321 483 conatus
331 461 398 489 Deus⁷
410 469 449 482 oro
463 466 567 490 optoque,
580 461 711 483 secundabit.
724 462 834 484 Nimirum

106 493 133 515 ad
147 502 219 515 rerum
233 494 394 522 prosperitatem
409 494 502 522 vitaeque
516 493 569 515 adeo
584 493 707 515 felicitatem
718 502 756 523 per
770 495 836 516 virtu-

106 527 131 547 tis
142 527 199 548 viam
211 527 349 548 certissimam
360 526 493 548 contendatis
505 532 599 555 oportet3
607 527 675 548 virtus
687 527 731 548 sola
743 527 836 548 illustrat

106 564 127 580 et
137 559 238 581 nobilitat
249 564 303 580 artes
313 566 319 580 ε
332 559 411 589 absque
422 559 501 581 virtute
513 558 610 581 doctrina
621 560 758 589 quantumvis
770 560 834 581 maxi-

106 601 140 614 ma
151 592 232 622 sordet,
247 593 299 622 quin
311 593 375 614 etiam
388 598 473 614 tantum
485 601 529 614 non
542 593 610 614 inanis
622 591 660 614 est.
674 593 735 614 Hanc
749 601 833 623 quaeso,

106 626 189 655 Optimi
207 626 310 654 Juvenes,
328 625 498 648 admonitionem
513 626 540 648 ab
558 626 627 648 amico
646 626 718 648 animo
736 631 834 655 emptam

106 659 174 688 quasi,
185 659 237 680 boni
248 659 353 689 aequique
362 659 456 688 accipite.

107 741 145 775 Te
154 754 315 782 Benignissime,
326 754 423 775 omnium
433 754 540 776 bonorum
549 754 617 776 Daton·
628 754 684 776 Deus
691 771 697 783 7
703 762 778 784 precor
787 763 834 777 oro«

109 795 150 817 que
166 792 192 808 ut
203 794 260 808 meos
273 787 296 807 in
308 794 408 814 munere,
420 786 479 816 quod
495 788 613 816 auspicatus
628 795 685 815 sum,
699 788 781 809 labores
794 788 835 809 sor-

108 826 178 847 tunes3
190 825 215 841 ut
228 820 319 848 patriam
331 825 424 840 nostram
432 835 438 847 ,
451 825 475 841 ut
486 819 541 841 hanc
554 819 702 848 Academiam,
714 820 834 841 Palladium

107 858 204 874 nostrum
216 852 356 880 carissimum,
367 857 392 873 ut
406 851 567 873 dilectissimum
579 852 651 874 Rmzn
661 858 683 873 et
695 852 833 874 fortissimum

106 886 171 907 Rmm
181 885 287 912 Quum,
297 890 322 905 ut
331 892 417 906 omnem
423 885 518 906 Domum
526 885 615 914 Remu,
625 885 702 914 salvos,
708 885 833 913 incolumes,

107 919 167 940 laetos
180 926 245 949 quum
259 918 376 940 diutissime
386 919 461 940 florere
473 919 554 948 jubeas.

419 1073 520 1100 DIXI.
