1108 1488
413 158 537 180 Luc-nomm.
814 165 838 179 21

311 213 341 232 1v.
354 213 379 232 IN
391 213 479 233 ORDINE
491 213 639 233 MEDIGORUM.

113 262 130 283 J.
146 262 175 283 M.
191 262 259 290 Bion,
271 262 328 283 Prof.
341 261 395 284 ord.
406 262 466 284 omni
478 261 521 291 die,
533 262 585 284 hora
596 263 647 289 VII,
660 262 772 284 Lectiones
788 263 839 284 0111·-

137 296 219 324 rurgiae
228 296 336 324 practicae
347 295 370 316 in
382 295 512 316 Nosocomio
525 294 589 316 Civili
598 294 685 324 habuit5
696 294 772 317 diebus
784 295 840 316 Mar-

138 328 164 349 tis
170 333 191 349 et
197 328 296 356 Veneris,
304 327 356 349 hora
364 328 407 356 XI,
415 327 551 349 Medicinam
559 328 690 357 Forensem5
698 328 773 350 diebus
782 328 840 349 Mer-

137 361 199 388 curii,
208 360 266 382 Jovis
279 365 300 382 et
311 361 396 382 Saturni
408 360 461 382 hora
468 361 498 383 111
508 360 653 389 pomenidiana
665 361 780 383 Theoriam
790 361 839 382 0111·-

136 395 219 423 rurgiae
230 393 326 415 tradidit.

111 427 132 448 F.
143 427 162 448 J.
175 427 278 454 Humum,
290 427 347 448 Prof.
360 426 413 448 Ord.
426 426 467 448 hoc
479 432 574 455 tempore
586 426 624 448 Rei
635 426 731 448 Medicae
742 427 765 448 in
779 427 839 448 omui

137 467 201 487 regno
217 458 323 487 regundae
340 467 402 481 causa
419 467 430 480 e
446 459 552 481 Cathedra
568 465 680 487 evocatus,
695 459 778 481 scholas
794 467 838 481 non

137 491 218 513 habuit.

111 524 136 545 G.
148 524 167 546 J.
183 524 386 551 Vmeonnuscnnov,
399 524 457 545 Pros.
473 523 526 546 ord.
541 523 616 545 diebus
629 524 714 553 Lunae,
728 524 803 546 Martis
816 529 838 545 et

136 557 237 578 Mercurii
249 556 300 578 hora
312 557 344 578 lX
357 557 531 586 Physiologiam5
544 556 619 578 diebus
632 557 691 579 Jovis
705 562 726 579 et
738 557 836 584 Veneris,

136 589 208 611 eadem
220 589 272 610 hora
286 589 435 619 Pathologiam
449 589 577 611 Generalem
590 589 708 618 explicavit.

111 623 133 644 C.
142 623 166 644 F.
175 622 275 650 Jacnn,
283 622 341 643 Prof.
351 621 404 643 ord.
413 623 473 644 omni
484 621 519 644 die
527 622 579 643 hora
591 622 653 651 VIII,
665 622 752 644 Clinicis
764 623 837 644 Emer*

135 656 266 677 citalzbnihus
272 655 294 676 in
301 655 429 677 Nosocomio
435 655 500 677 Civili
507 655 607 684 praefuit,
613 660 635 676 et
641 655 719 676 tirones
725 654 752 676 ad
756 656 837 683 praxin

138 688 242 710 Clinicum
259 688 364 716 instituit3
385 687 438 709 hora
457 688 504 715 IX,
521 688 664 709 Diaeteticam
680 692 703 709 et
717 688 837 709 Materiam

136 722 247 743 Medicam
259 720 339 742 docuit.

109 754 132 776 A.
148 755 195 776 Vm
211 755 323 782 Somnum,
339 753 397 775 Prof.
414 753 467 775 Ord.
482 753 557 775 diebus
572 753 657 782 Lunae,
674 753 761 782 Martis,
777 753 836 775 Mer-

135 787 188 809 curii
198 791 220 808 et
227 786 287 808 Jovis
297 786 349 807 hora
359 786 390 814 II,
401 786 476 807 Artem
488 786 637 807 Obstetriciam
646 790 667 807 el
676 786 768 807 Morbos
778 786 835 807 Mu-

135 820 209 841 lierum
222 824 265 840 tam
278 818 421 841 Gravidamm
431 827 495 849 quam
508 819 665 848 Puerperarum
675 818 797 848 explicavit,
810 819 836 840 si-

135 852 222 882 mulque
231 860 281 873 cum
288 851 327 873 hac
335 852 472 873 Institutione
482 851 602 874 doctrinam
612 851 750 881 Pathologiae
762 851 834 873 Gene-

135 885 184 907 ralis
190 885 307 914 conjunxit.
314 885 394 906 Diebus
398 885 472 906 Lunae
476 884 564 906 horaIII
568 884 675 906 auditores
681 892 730 905 suos
738 885 760 905 E
761 884 834 905 nchei-

98 911 101 913 .
133 919 212 940 resibus
231 918 354 939 obstetricis
369 918 469 939 instituit.
488 917 551 938 Horis
571 922 678 946 praeterea
695 917 833 945 opportunis,

135 952 207 973 Praxi
220 951 314 973 Clinicae
328 951 431 980 praefuit,
444 951 525 980 quoties
536 958 651 979 puerperae
667 950 690 971 in
705 950 835 971 Nosocomio

135 984 198 1006 Civili
205 983 357 1005 decubuerunt.
366 983 485 1005 Medicinae
491 982 583 1013 denique
590 982 724 1010 Candidatis,
731 982 834 1004 Theoriae

134 1018 205 1046 peritis
214 1017 284 1038 aditus
291 1025 378 1047 quoque
387 1016 413 1038 ad
423 1017 566 1038 institutiones
577 1016 668 1037 Clinicas
674 1016 697 1037 in
704 1015 833 1037 Nosocomio

134 1050 262 1072 Obstetricio
277 1058 385 1072 concessus
395 1055 433 1071 est.

107 1082 230 1105 Alternazim
245 1084 387 1110 Professores,
407 1083 603 1104 Exercitatthnibus
621 1081 755 1111 Disputandi
768 1081 832 1103 semel

132 1123 168 1145 per
179 1117 316 1146 septimanam
329 1116 431 1138 institutis
446 1116 590 1145 praefuerunt.
